2032 3524
339 104 521 158 AENEIDOS
539 110 607 158 LIB.
626 110 675 158 VI.
884 110 931 158 205

84 191 140 246 Sed
157 207 211 244 nox
228 194 289 245 atra
306 194 389 258 eaput
405 191 480 245 tristi
497 192 673 246 circumvolat
690 194 794 247 umbra
896 207 933 246 soc

83 268 151 320 Tum
169 272 249 335 pater
268 267 408 333 Anchises
428 267 544 320 lacrimis
561 268 699 336 ingressus
718 269 834 323 obortis:

83 343 107 396 Ο
125 348 214 410 gnate,
233 345 372 410 ingentem
390 343 492 396 luctum
510 361 544 396 no
562 361 662 413 quaere
680 350 805 409 tuorum;

83 419 237 472 Ostendent
255 419 337 474 terris
355 419 426 472 hunc
444 423 551 472 tantum
569 421 633 490 fata,
650 439 739 491 neque
756 421 829 474 ultra

82 495 150 549 Esse
168 495 263 549 sinent.
300 495 421 547 Nimium
439 494 515 548 robis
535 496 658 550 Romana
675 514 796 566 propago
896 511 932 552 870

83 570 150 624 Visa
167 575 271 639 potens,
291 572 397 639 Superi,
414 572 525 639 propria
542 571 609 626 liaeo
627 573 650 625 si
669 574 740 626 dona
757 574 881 627 fuissent.

83 648 208 710 Quantos
223 648 268 702 ille
285 647 374 700 virum
393 663 519 714 magnam
537 647 669 702 Mavortis
687 650 723 702 ad
740 649 837 702 urbem

83 723 201 791 Campus
219 728 282 791 aget
300 721 432 790 gemitus!
452 723 494 775 vel
512 739 589 791 quae,
609 725 742 792 Tiberine,
761 725 867 778 videbis

83 801 197 867 Funera,
216 818 278 854 cum
296 800 431 853 tumulum
448 801 651 867 praeterlabere
667 805 820 855 recentem!

82 876 108 927 N
110 893 141 929 ec
158 892 227 943 puer
245 876 328 929 Iliaca
346 875 489 944 quisquam
508 875 543 928 do
561 881 644 943 gente
663 878 775 930 Latinos
895 889 931 931 875

84 951 117 1004 ln
134 955 241 1007 tantum
260 969 307 1020 spe
325 952 404 1006 tollet
423 968 493 1018 avos,
511 968 561 1005 nec
580 953 695 1006 Romula
713 953 850 1019 quondam

82 1028 145 1081 Ullo
163 1045 193 1082 se
210 1032 319 1083 tantum
337 1028 418 1083 tellus
435 1028 548 1081 iactabit
566 1029 680 1082 alumno.

83 1104 147 1157 Heu
164 1106 259 1174 pietas,
277 1106 332 1159 hou
349 1105 438 1174 pn'sca
455 1105 532 1170 fides,
550 1104 706 1173 invictaque
724 1105 796 1158 bello

82 1180 215 1235 Dextera!
235 1197 287 1234 non
305 1182 344 1234 illi
363 1198 392 1234 se
410 1182 551 1249 quisquam
569 1181 669 1248 inpune
687 1181 797 1234 tulisset

82 1256 185 1311 Obvius
203 1260 314 1325 armato,
332 1274 380 1311 scu
398 1274 459 1310 eum
478 1257 563 1326 pedes
580 1257 635 1310 irct
652 1257 680 1309 iu
699 1258 812 1324 hostem,
892 1271 930 1311 sao

82 1333 137 1387 Seu
154 1334 303 1402 spumantis
322 1334 386 1402 equi
402 1333 510 1386 foderet
529 1333 678 1386 calcaribus
696 1349 794 1386 armos.

82 1409 154 1476 Heu,
171 1409 324 1463 miserando
342 1413 423 1477 puer!
444 1409 466 1461 si
485 1426 539 1477 qua
556 1409 612 1462 fata
630 1426 728 1478 aspera
746 1426 862 1478 rumpas,

82 1485 122 1537 'lu
141 1485 285 1539 Marcellus
303 1485 363 1538 oris.
400 1485 529 1538 Manibus
547 1486 611 1538 dato
629 1486 686 1538 lilia
703 1487 797 1554 plenis,

82 1561 237 1629 Purpureos
255 1578 381 1630 spargam
399 1561 486 1627 flores,
505 1563 675 1631 animamque
693 1564 801 1631 nepotis

82 1638 135 1691 His
153 1639 250 1692 saltem
267 1637 438 1691 adcumulem
456 1639 541 1704 donis,
563 1642 592 1692 ot
608 1639 706 1706 fungar
722 1641 795 1692 inani
891 1649 928 1692 sss

81 1714 285 1770 Munera-Sic
303 1718 363 1768 tota
381 1715 482 1782 passini
500 1713 611 1781 regione
629 1719 762 1782 vagantur

81 1791 163 1844 Aeris
180 1791 208 1844 in
226 1792 328 1859 campis
345 1791 417 1858 latis,
434 1793 518 1858 atquo
536 1792 624 1844 omnia
641 1791 765 1845 lustrant.

82 1866 157 1931 Quae
174 1871 319 1935 postquam
339 1867 472 1920 Anchises
489 1870 584 1921 natum
602 1884 652 1935 per
670 1867 774 1935 singula
791 1868 879 1936 duxit,

82 1942 261 2012 Incenditquc
279 1945 397 1997 animum
414 1943 502 1997 famae
519 1943 654 1997 venientis
671 1960 769 2012 amore,

81 2018 152 2071 leiu
169 2018 242 2072 bella
258 2020 316 2072 viro
334 2021 469 2090 memorat
486 2037 556 2088 quae
574 2019 675 2073 deinde
692 2020 820 2086 gerenda,
890 2036 927 2075 sao

80 2093 279 2162 Laurentisque
298 2095 379 2148 docet
395 2096 508 2164 populos
526 2095 678 2163 urbemque
697 2096 795 2164 Latini,

80 2169 117 2222 ut
135 2186 189 2237 quo
208 2187 344 2238 quemque
361 2171 441 2224 modo
459 2172 599 2240 fugiatque
619 2170 743 2239 feratque
762 2172 889 2226 laborem.

115 2245 185 2300 Sunt
202 2247 327 2314 geminae
344 2247 435 2300 Somni
453 2251 557 2315 portae,
576 2264 691 2315 quarum
710 2248 797 2300 altera
814 2248 903 2302 fertur

80 2321 192 2390 Cornea,
210 2339 264 2392 qua
281 2324 353 2376 veris
370 2323 456 2377 facilis
474 2323 557 2377 datur
575 2324 664 2376 exitus
682 2323 809 2388 Umbris;

80 2398 178 2452 Altera
194 2399 322 2454 candenti
339 2400 461 2467 perfecta
478 2400 568 2453 nitens
586 2400 737 2467 elephanto,
890 2416 927 2455 sos

79 2474 135 2528 Sed
152 2475 221 2529 falsa
237 2475 274 2529 ad
291 2475 396 2529 caelum
414 2476 529 2529 mittunt
546 2477 678 2530 insomnia
696 2478 799 2532 Manes.

80 2550 133 2603 His
150 2551 198 2603 ubi
215 2555 275 2605 tum
293 2555 388 2605 natum
407 2551 540 2604 Anchises
558 2568 667 2620 unaque
685 2554 815 2622 Sibyllam

80 2626 260 2694 Prosequitur
277 2627 366 2694 dictis,
384 2630 519 2696 portaque
538 2627 639 2680 emittit
657 2629 766 2696 eburna,

80 2700 131 2753 Illo
149 2701 220 2754 viam
238 2706 312 2757 secat
329 2703 366 2756 ad
382 2702 458 2756 naris
476 2703 615 2770 sociosque
634 2705 740 2768 revisit;

79 2777 148 2829 Tum
166 2791 195 2829 se
212 2776 250 2829 ad
267 2777 378 2831 Caietae
395 2781 470 2832 recto
487 2778 543 2832 fort
560 2778 640 2832 litore
658 2783 774 2847 portum.
889 2789 926 2831 soa

78 2854 191 2906 Ancora
208 2851 244 2906 de
261 2867 343 2921 prora
358 2853 470 2920 iacitur3
488 2857 563 2909 stant
581 2854 660 2908 litore
677 2865 789 2923 puppes.
