2032 3524
336 110 517 158 AENEIDOS
535 110 602 159 LIB.
622 112 671 159 VI.
878 111 924 160 203

79 195 164 245 hacta
182 190 264 243 deum
280 195 368 258 partu,
387 194 495 244 centum
513 190 644 259 conplexa
660 194 781 260 nepotes,

78 268 172 320 (hunis
190 267 345 332 caelicolas,
355 267 441 319 omnis
459 282 558 334 supera
575 268 631 321 alta
648 268 774 322 tenentis

78 345 140 396 lluc
157 343 279 410 geminas
296 359 367 396 nunc
384 343 463 397 flecte
481 344 558 410 acies,
578 344 646 397 hanc
664 344 754 411 aspice
771 346 881 411 gentem

78 419 269 487 Rornanosquo
286 423 354 472 tuos.
392 419 445 471 llic
465 420 565 473 Cacsar
582 424 611 473 et
629 420 715 473 omnis
735 420 788 472 luli

78 495 231 562 Progenies,
249 511 374 562 magnum
393 496 460 548 caeli
478 499 593 549 ventura
610 497 661 550 sub
679 513 765 549 axem.
890 509 925 551 79⁰

78 570 132 623 Hic
150 571 198 637 vir,
215 571 259 623 hic
277 574 327 639 cst,
345 571 396 624 tibi
414 589 496 639 quem
513 573 636 640 promitti
655 573 762 641 saepius
780 573 865 639 audis,

78 649 221 714 Augustus
241 648 347 715 Caesar,
367 647 427 700 Diri
445 665 537 715 genus,
556 666 638 702 aurea
655 649 754 702 condet

78 722 190 776 Samula
207 723 254 791 qui
272 740 365 777 rursus
385 724 463 777 Latio
482 729 594 792 regnata
611 743 661 794 per
678 742 743 778 arva

77 798 194 851 Saturno
213 800 357 868 quondam,
376 817 458 868 super
476 804 504 853 et
523 802 701 854 Garamantas
719 805 748 854 ct
767 800 852 853 Indos

78 874 203 928 l'roferet
220 877 369 944 inperium;
386 877 457 929 iacet
476 881 555 929 extra
573 877 663 929 sidera
680 877 769 944 tellus,
890 890 926 930 ret

77 950 163 1004 Extra
180 953 243 1004 cinni
262 953 382 1019 solisque
399 953 462 1018 vias,
481 953 528 1004 ubi
546 952 655 1005 caelifer
677 953 755 1004 Atlas

78 1028 168 1079 Axcm
185 1028 299 1079 humero
317 1031 429 1094 torquet
447 1027 533 1080 stollis
550 1027 710 1079 ardentibus
729 1032 830 1094 aptum.

78 1102 168 1154 lluius
185 1104 213 1154 iu
231 1103 380 1155 adventum
398 1102 452 1153 iam
469 1118 541 1154 nune
560 1105 588 1154 et
607 1101 704 1169 Caspia
723 1119 806 1168 regna

78 1177 226 1244 ltcsponsis
243 1177 357 1230 horrent
375 1176 465 1228 divom
483 1180 512 1230 et
531 1177 651 1229 Maeotia
668 1178 756 1241 tellus,

78 1253 115 1305 llt
134 1252 339 1318 septemgemini
358 1251 472 1305 turbant
490 1253 599 1321 trepida
617 1254 686 1306 ostia
705 1253 729 1305 N
732 1253 769 1306 ili.
891 1267 928 1307 sue

78 1327 104 1379 N
107 1344 138 1380 cc
156 1344 220 1379 vero
240 1328 351 1380 Alcides
370 1332 475 1381 tantum
494 1329 600 1382 telluris
618 1328 709 1395 obivit,

79 1403 186 1457 llixerit
204 1403 359 1471 aeripedem
377 1421 484 1457 cervam
502 1405 572 1472 licet,
592 1411 639 1458 aut
659 1406 818 1474 Erymanthi

79 1481 186 1533 I’acarit
204 1496 322 1546 nemora,
341 1484 369 1534 et
388 1480 504 1535 hemam
522 1483 708 1535 tremefecerit
726 1499 804 1549 arcu;

78 1557 143 1623 Nec,
162 1556 209 1625 qui
227 1558 376 1624 pampineis
394 1558 480 1611 victor
498 1558 561 1627 iuga
579 1559 667 1612 flectit
685 1558 805 1627 habenis,

78 1633 168 1700 Liber,
186 1650 270 1702 agens
288 1633 359 1688 celso
378 1635 468 1703 Nysae
486 1634 521 1688 de
539 1635 643 1688 vertice
662 1634 746 1703 tigris.
891 1649 928 1689 sus

77 1709 114 1762 m
132 1709 288 1763 dubitamus
306 1711 395 1764 adhue
413 1712 543 1765 virtutem
561 1711 711 1765 extendere
729 1712 817 1779 factis,

23 1853 25 1863 ,
78 1788 138 1838 Aut
155 1790 243 1840 metus
264 1788 385 1839 Ausonia
402 1787 530 1854 prohibet
547 1788 696 1841 consistere
713 1789 805 1842 terrai

78 1862 144 1926 Quis
161 1862 254 1930 procul
272 1862 318 1915 illc
336 1867 427 1931 autem
446 1864 528 1916 ramis
546 1863 659 1931 insignis
677 1863 763 1916 olivae

77 1938 160 1991 Sacra
176 1940 284 1992 ferensf
304 1939 329 1990 N
332 1955 393 1991 oseo
411 1939 494 1991 crinis
512 1939 661 2007 incanaque
679 1942 773 1992 menta

78 2014 162 2080 Regis
181 2014 304 2079 Romani,
322 2015 438 2081 primam
456 2015 504 2082 qui
520 2014 627 2081 legibus
644 2014 740 2067 urbem
892 2029 929 2068 810

78 2088 224 2154 Fundabit,
244 2089 361 2143 Curibus
378 2089 469 2156 parvis
488 2093 516 2142 et
534 2106 655 2158 paupere
673 2093 747 2142 terra

78 2165 178 2218 Missus
196 2166 224 2217 in
241 2164 375 2232 inperium
393 2181 527 2231 magnum.
564 2164 613 2218 Oui
632 2165 732 2218 deinde
750 2165 861 2234 subibit,

78 2242 143 2294 Otia
161 2238 207 2309 qui
226 2244 335 2309 rumpet
353 2241 457 2308 patriae
474 2240 633 2309 residesque
651 2240 771 2295 movebit

78 2318 172 2371 Tullus
189 2318 216 2370 iu
235 2335 310 2371 arma
328 2318 398 2370 viros
415 2321 445 2371 et
462 2318 516 2370 iarn
535 2317 648 2371 desueta
665 2317 810 2386 triumphis

79 2395 205 2460 Agmina.
243 2395 330 2459 Quom
347 2394 425 2447 iuxta
443 2394 567 2462 sequitur
585 2394 728 2448 iactantior
747 2397 863 2460 Ancus,¹
893 2409 930 2448 815

78 2471 157 2524 Nune
175 2488 282 2539 quoquc
301 2471 354 2524 iam
373 2470 486 2523 nimium
506 2471 629 2537 gaudens
649 2471 825 2539 popularibus
846 2471 927 2523 auris.

78 2547 128 2599 Vis
146 2550 175 2600 et
193 2547 354 2616 Tarquinios
372 2564 458 2615 reges,
477 2547 649 2616 animamque
668 2547 813 2615 superbam

78 2623 182 2675 Ultoris
202 2623 290 2690 Bruti,
308 2624 449 2691 fascesque
468 2622 561 2675 videre
580 2625 721 2692 receptosl

80 2698 203 2750 Consulis
221 2699 354 2766 inperium
373 2699 416 2752 hie
434 2699 537 2766 primus
556 2713 702 2768 sacvzisque
721 2715 829 2752 secures

80 2773 212 2839 Accipiet,
229 2778 361 2842 natosque
378 2777 458 2843 pater
475 2791 544 2828 nova
562 2774 633 2827 bella
651 2775 783 2827 moventis
893 2783 930 2823 sau

80 2848 126 2901 Ad
145 2864 259 2914 poenam
276 2849 389 2916 pulchra
405 2866 454 2918 pro
471 2850 601 2904 libertate
619 2850 733 2914 vocabit,

80 2924 194 2978 Infelix!
215 2919 370 2992 Utcumque
387 2925 476 2978 ferent
494 2943 527 2979 ea
544 2927 618 2978 faeta
635 2926 760 2991 minores,

80 3001 180 3053 Vincet
198 3017 273 3052 arnor
290 3000 394 3067 patriae
412 2999 578 3070 laudumque
596 3001 720 3053 inmensa
737 2999 841 3067 cupido.

80 3078 152 3143 Quin
171 3077 268 3129 Decios
287 3077 445 3144 Drusosque
462 3078 555 3144 procul
574 3092 738 3144 saevumque
757 3075 844 3130 securi

80 3152 182 3222 Aspice
199 3153 367 3221 Torquatum
385 3155 414 3206 et
431 3152 595 3206 referentem
614 3153 690 3220 signa
708 3151 857 3208 Camillum
892 3165 929 3207 aa
