2032 3524
80 140 109 186 30
304 135 333 185 P.
355 135 505 184 VERGILI
522 137 688 190 MARONIS

80 218 163 271 Haud
181 219 295 272 obseura
311 217 412 271 cadens
429 216 522 270 mittet
539 218 589 271 tibi
608 221 684 289 signa
703 222 820 276 Bootes:

83 295 180 363 Incipe,
198 300 227 349 et
246 296 281 349 ad
299 294 403 348 medius
422 297 572 347 sementem
591 299 710 352 extendo
729 299 846 367 pruinas
897 312 937 356 nu

115 371 219 424 Idcirco
238 371 319 424 certis
340 369 491 422 dimensum
511 371 634 437 partibus
652 375 746 429 orbem

82 446 135 502 l'er
152 448 278 501 duodena
295 448 367 514 regit
384 446 478 500 mundi
497 448 541 500 sol
560 465 658 504 aureus
676 456 757 505 astra

81 525 205 594 Quinque
223 528 320 578 tenent
337 524 442 577 caelum
461 540 560 588 zellae,
579 543 694 593 quarum
713 544 768 580 una
783 543 897 583 eomseu

80 603 194 671 Semper
211 601 267 654 sole
284 601 386 654 rubens
402 602 433 653 et
451 600 555 654 torrida
572 618 681 671 semper
699 603 734 657 ab
751 605 821 671 igni3

81 680 167 744 Quam
180 679 279 731 circum
292 680 431 731 extremae
445 676 544 730 dextra
555 678 686 748 laevaque
698 680 853 745 trahuntur,
894 695 937 737 ass

80 756 212 809 Caerulea
229 754 315 821 glacie
332 755 476 806 concretae
493 757 577 822 atque
595 755 727 809 imbribus
746 756 831 821 atris;
871 796 874 803 .

83 832 141 884 llas
157 833 231 884 inter
250 830 422 898 mediamque
440 829 512 882 duae
530 832 690 885 mortalibus
708 833 798 900 aegris

82 908 197 960 Munere
215 923 358 960 concessae
377 905 474 971 divom,
493 909 522 959 ct
540 908 584 960 via
602 912 677 962 secta
693 925 744 976 per
761 908 862 974 ambas,

82 984 213 1052 Obliquus
231 1000 285 1052 qua
304 1000 332 1036 se
351 982 488 1049 signorum
507 988 630 1038 verteret
649 985 722 1038 ordo.

82 1061 206 1124 Mundus
218 1066 249 1113 ut
260 1059 296 1112 ad
310 1059 444 1126 Scythiam
464 1059 653 1129 Rhipaeasque
665 1061 766 1114 arduus
778 1074 853 1114 arees
895 1072 935 1113 sss

82 1137 234 1205 ronengis,
252 1137 386 1204 premitur
405 1135 506 1203 Libyae
525 1137 645 1190 devexus
662 1139 690 1190 in
708 1141 822 1190 simbus.

83 1214 135 1286 llic
153 1217 248 1266 vertex
266 1212 343 1264 nobis
360 1228 469 1279 semper
488 1212 623 1278 sublimis;
642 1217 672 1266 at
689 1213 764 1266 illmn

82 1289 137 1341 Sub
155 1289 271 1357 pedibus
289 1289 355 1355 Styx
374 1293 435 1340 atra
453 1289 529 1342 videt
547 1290 696 1359 Manesque
714 1287 849 1358 profundi.

82 1366 225 1418 Mnxrunus
242 1365 285 1417 hic
304 1365 376 1416 ilexu
395 1366 501 1417 sinuoso
520 1366 638 1418 elabitur
658 1365 763 1433 Anguis

82 1442 188 1495 Circum
207 1458 311 1511 perque
330 1440 398 1494 duas
415 1442 442 1494 in
460 1458 564 1494 morem
583 1442 698 1496 fluminis
718 1444 825 1507 Aretes,
894 1454 935 1495 us

84 1521 182 1571 Arctos
202 1516 302 1570 Oceani
319 1518 467 1571 metuentis
485 1534 603 1586 aequore
621 1519 715 1586 tingui.

83 1595 148 1663 Illic,
166 1598 197 1647 ut
215 1593 367 1662 perhibent,
385 1597 434 1647 aut
450 1595 616 1662 intempesta
635 1595 696 1648 silet
713 1610 766 1647 nox

82 1674 202 1739 Semper,
219 1675 249 1723 et
266 1668 379 1723 obtenta
397 1670 547 1723 densantur
560 1677 640 1725 nocte
655 1671 791 1736 tenebrae,

82 1748 140 1800 Aut
158 1747 231 1800 redit
249 1764 266 1799 a
283 1746 360 1799 nobis
380 1748 489 1799 Aurora
507 1746 635 1815 diemque
653 1747 767 1812 reducit,

81 1825 192 1891 Nosque
211 1824 257 1877 ubi
275 1824 377 1892 primus
394 1823 471 1890 equis
491 1822 587 1876 Oriens
605 1824 717 1876 adflavit
735 1821 845 1886 anhelis,
893 1835 933 1876 aee
952 1860 957 1867 ·

83 1900 141 1952 Illic
160 1917 220 1952 sera
237 1900 337 1952 rubens
354 1899 479 1952 accendit
496 1899 597 1952 lumina
616 1899 727 1967 Vesper.
776 1962 783 1973 ι

82 1976 153 2028 Hine
171 1979 349 2044 tempestates
368 1975 449 2027 dubio
467 1976 639 2042 praediscere
656 1975 730 2028 eaelo

82 2052 235 2118 Possumne,
252 2051 315 2104 hinc
332 2052 483 2119 messisque
500 2051 572 2104 diem
590 2055 752 2119 tempusque
770 2048 887 2115 serendi,

81 2128 118 2180 st
135 2127 244 2195 quando
260 2127 375 2180 infidum
393 2129 475 2180 remis
493 2128 623 2196 inpellere
640 2144 759 2181 marmor

82 2203 236 2270 Conveniat,
256 2202 365 2272 quaudo
383 2207 501 2256 annatas
520 2204 655 2256 deducere
672 2202 772 2265 elassis,
892 2217 932 2257 aes

82 2282 140 2333 Aut
158 2280 347 2348 tempestivam
365 2279 439 2332 silvis
456 2283 582 2332 evertere
600 2279 706 2346 pinum:

81 2356 107 2408 N
109 2373 139 2411 ee
156 2357 259 2408 frustra
278 2355 413 2421 signorum
431 2355 520 2407 obitus
538 2354 709 2422 speculamur
726 2360 756 2406 et
772 2358 857 2421 ortus,

80 2431 313 2500 Temporibusque
331 2447 425 2500 parem
444 2430 557 2484 dirersis
575 2432 705 2497 quattuor
721 2446 828 2486 annum.

116 2506 244 2574 Frigidus
262 2507 407 2575 agricolam
426 2507 447 2559 si
465 2505 573 2574 quando
591 2506 713 2560 continet
729 2507 824 2575 imber,

82 2583 175 2647 Multa,
194 2583 284 2636 ferent
301 2599 372 2651 quae
390 2599 453 2635 mox
471 2581 545 2635 caelo
564 2582 736 2649 properanda
752 2598 857 2648 sereno,
893 2599 933 2637 sse

81 2660 221 2713 Maturare
239 2659 334 2712 datur:
355 2658 454 2711 durum
473 2657 600 2727 procudit
618 2661 709 2711 arator

81 2735 207 2788 Vomeris
224 2735 333 2788 obtunsi
351 2735 469 2801 dentem,
487 2736 566 2786 cavat
584 2734 682 2787 arbore
699 2735 800 2799 lintres

83 2813 140 2865 Aut
157 2811 248 2880 pecori
266 2811 372 2878 signum
391 2815 439 2863 aut
456 2826 583 2863 numeros
601 2811 730 2878 inpressit
746 2810 857 2863 acervis

82 2889 223 2941 Exacuunt
241 2886 285 2940 alii
304 2887 387 2939 vallos
405 2887 549 2954 furcasque
567 2886 690 2953 bicornis,

83 2966 175 3032 Atque
196 2965 326 3017 hmerina
343 2967 441 3032 parant
459 2963 549 3014 lentae
569 2963 716 3015 retinacula
734 2963 789 3016 riti.
891 2975 931 3017 seu

81 3041 159 3093 Nunc
178 3041 261 3093 facilis
278 3039 364 3092 rubea
382 3043 493 3092 texatur
512 3039 604 3091 fiscina
622 3039 712 3107 virga;

80 3117 159 3170 Nune
178 3119 280 3169 torrete
298 3117 353 3183 igni
371 3117 472 3183 fruges,
490 3132 560 3168 nunc
575 3116 693 3183 frangite
711 3131 783 3168 saxu.

80 3192 186 3259 Quippe
204 3192 287 3244 etiam
304 3191 381 3246 festis
400 3191 533 3260 quaedam
552 3207 681 3263 exercere
699 3191 796 3246 diebus
