2032 3524
79 132 124 175 llll
320 126 350 174 P.
369 124 521 172 VERGlLl
540 124 706 170 MARONIS

78 207 211 260 Constitit
230 210 313 272 atque
332 205 416 258 oeulis
436 203 554 271 Phrygia
571 205 681 272 agmina
699 205 907 274 circumspexit:

78 283 150 350 Heu,
164 300 234 350 quae
247 299 317 335 nuuc
330 282 419 347 tellus,
431 281 529 348 inquit,
542 297 614 349 quae
625 298 670 334 me
679 299 800 349 aequora
808 288 925 350 possunt

79 361 213 427 Accipere
225 362 231 412 l
252 366 300 411 aut
312 357 379 427 quid
392 358 446 410 iam
459 358 559 412 misero
572 357 639 410 milri
652 358 772 426 denique
784 364 881 423 restat,
911 375 935 417 ru

79 436 129 489 Cui
148 453 238 502 nequo
256 434 330 502 apud
352 434 458 487 llanaos
477 451 591 502 usquam
611 434 738 497 incuset
756 452 839 503 super
856 436 909 505 ipsi

79 512 253 564 Dardanidae
271 511 367 563 infensi
386 528 487 579 poenas
505 528 567 563 eum
587 510 722 577 sangnine
740 515 874 579 posennt'l

79 590 137 652 Quo
155 589 259 655 gemitu
278 587 400 640 conversi
418 587 509 651 animi,
527 603 703 655 eornpressus
722 591 751 641 et
769 589 857 641 omnis

80 665 209 732 Impetus.
249 665 399 716 Hortamur
417 664 484 726 suri;
506 680 559 731 quo
579 663 713 730 sanguino
731 668 830 731 cretus,

79 742 185 804 Quidve
203 742 282 806 seint,
303 744 444 804 memoret,
464 755 534 806 quae
553 739 589 792 sit
607 738 707 791 fiducia
724 743 811 807 eapte.
912 756 937 796 rs

77 816 142 885 [llle
161 817 234 882 haec,
253 816 378 882 deposita
397 814 508 867 taudem
527 815 681 881 formidine,
699 814 799 883 iatnr:]

114 893 217 945 Cuncta
227 891 354 959 equidem
365 890 423 955 tibi,
436 890 506 958 lieu,
519 892 605 944 luerit
615 892 813 960 quodcumque,
825 893 935 946 fatebor
975 910 979 915 ’

79 968 161 1029 Vera,
179 969 284 1037 iuquit3
303 985 392 1036 neque
410 983 454 1019 me
475 968 605 1034 Argolica
624 968 659 1020 de
677 973 760 1036 geute
777 968 884 1036 negabo
890 989 898 1034 ;

80 1045 140 1097 lloe
158 1045 290 1112 primum;
311 1059 369 1111 nec,
388 1044 411 1096 si
429 1044 558 1096 miserum
579 1044 699 1097 Fortuna
718 1044 844 1097 Sinonem

80 1120 180 1187 Finxit,
200 1137 298 1173 vanum
318 1120 400 1174 etium
420 1120 636 1188 mendacemque
654 1120 769 1188 inproba
787 1121 878 1188 finget.
908 1136 934 1173 so

80 1196 173 1249 Fando
192 1197 302 1264 aliquod
321 1197 343 1249 si
361 1197 432 1249 forte
451 1200 514 1249 tuas
532 1196 660 1264 pervenit
678 1196 715 1249 ad
732 1196 805 1249 auris

79 1273 192 1326 Belidae
211 1289 309 1325 nomeu
330 1272 484 1325 Palamedis
504 1277 533 1326 et
551 1273 655 1325 incluta
672 1273 746 1326 fama

79 1348 178 1407 Gloria,
197 1366 276 1415 quem
295 1348 363 1400 falsa
381 1348 431 1399 sub
450 1348 607 1415 proditione
627 1348 734 1416 Pelasgi

80 1424 219 1476 insontem
238 1423 348 1475 infando
367 1423 475 1490 izulioIo,
495 1424 559 1493 quia
577 1423 649 1477 bolla
666 1425 785 1494 uetabat,

79 1499 219 1553 Demisere
236 1501 303 1565 neei,
321 1516 391 1552 nuno
409 1516 514 1553 eassnm
534 1500 635 1554 lumine
653 1500 762 1568 lugent:
909 1520 935 1560 ss

80 1576 122 1628 llli
142 1592 185 1628 me
204 1577 329 1628 comitem
350 1579 378 1628 et
397 1576 635 1643 consanguinitate
652 1577 836 1645 propinquum

80 1652 188 1719 Pauper
206 1652 232 1703 in
250 1668 326 1704 arura
345 1656 424 1720 pater
442 1653 538 1720 priruis
556 1652 609 1705 hue
627 1654 702 1706 misit
718 1653 754 1706 ab
771 1654 854 1707 annis

79 1728 151 1780 Dum
170 1727 262 1780 stabat
280 1745 363 1794 regno
382 1729 523 1781 incolumis
543 1746 692 1796 regumque
710 1729 821 1796 vigebat

79 1804 209 1871 Consiliis,
229 1807 258 1856 et
276 1820 324 1856 nos
342 1804 453 1872 aliquod
473 1821 627 1872 nomenque
646 1805 784 1872 decusque

79 1880 223 1933 Gessimus.
264 1880 371 1932 Invidia
389 1885 533 1948 postquam
551 1881 663 1949 pellacis
680 1881 789 1934 Ulixi-
907 1894 934 1934 so

80 1956 162 2008 llaud
180 1957 274 2023 ignota
291 1957 529 2026 loquor—superis
547 1957 680 2010 correessit
697 1956 805 2010 aberis

80 2033 215 2086 Adflictas
234 2035 317 2086 vitam
335 2034 362 2086 iu
381 2034 504 2087 tenebris
522 2034 652 2102 luctuque
670 2032 819 2099 trahebam,

79 2109 114 2161 lli
132 2127 224 2162 erassum
242 2110 358 2163 insontis
376 2127 482 2163 meeum
500 2109 663 2177 indignabar
680 2109 765 2163 amici

79 2184 104 2236 N
107 2203 137 2238 ee
155 2186 227 2238 tacui
247 2187 367 2254 demens,
387 2190 416 2240 et
434 2203 485 2253 me,
504 2187 560 2238 fors
579 2186 600 2238 si
619 2202 673 2252 qua
691 2185 807 2254 tulisset,

79 2261 107 2314 Si
125 2262 226 2329 patrios
244 2280 374 2331 uniquam
395 2279 558 2315 remeassem
579 2262 665 2314 vietor
682 2261 718 2314 ad
738 2263 836 2328 Argos,
906 2280 934 2319 ss

81 2338 193 2389 Promisi
211 2338 336 2403 ultorem,
356 2342 385 2390 et
403 2337 493 2389 verbis
514 2336 576 2388 odia
594 2353 692 2404 aspera
708 2337 787 2390 mori.

80 2413 151 2465 Hinc
170 2413 235 2463 milri
253 2413 341 2478 primu
360 2413 422 2464 mali
442 2411 526 2477 labes,
545 2412 607 2465 hine
625 2429 733 2480 semper
751 2413 847 2466 Ulixes

79 2487 241 2541 (lrirniuibus
259 2487 465 2553 terreremus,
484 2486 547 2540 lriue
565 2505 694 2555 spargere
711 2505 791 2542 voees

79 2566 112 2617 lu
132 2563 238 2630 vulgum
256 2563 404 2630 ambiguas
423 2567 452 2615 et
471 2580 604 2630 quaerere
622 2565 743 2617 conscius
761 2581 844 2618 mmo.

79 2640 136 2692 Neo
154 2638 289 2706 requievit
307 2639 386 2705 euim,
406 2638 492 2691 donee
512 2639 660 2692 Calchante
679 2641 838 2694 ministro-
897 2656 933 2694 roo

79 2716 133 2769 Sed
146 2715 213 2783 quid
226 2732 277 2781 ego
288 2715 355 2767 haee
369 2718 460 2767 auteur
473 2717 638 2784 nequiquam
651 2718 759 2785 ingrata
770 2718 896 2773 revolvo?

80 2792 184 2856 Quidve
201 2807 299 2856 moror,
318 2790 340 2843 si
358 2791 445 2843 omnis
463 2808 517 2844 uno
536 2793 632 2846 ordine
650 2793 757 2848 habetis
776 2794 903 2860 Achivos

80 2868 169 2935 quue
188 2867 283 2920 audire
301 2870 343 2919 sat
361 2867 421 2919 estl
460 2867 624 2920 iamdudum
644 2872 743 2925 sumite
761 2888 876 2940 poenam

80 2944 140 2996 Hoc
159 2944 270 2996 Itlraeus
289 2943 361 3009 volit,
380 2945 409 2994 et
426 2958 524 3008 magno
543 2950 702 2999 mercentur
720 2948 843 3001 Atridae.

113 3018 180 3071 'Puni
199 3036 263 3071 reru
281 3018 408 3070 ardemus
427 3017 517 3070 scitari
537 3022 566 3071 et
584 3036 718 3085 quaerere
736 3039 852 3092 caussas,
895 3036 935 3079 los

80 3096 172 3163 Ignari
190 3095 321 3148 scelerum
340 3097 477 3146 tantorum
496 3094 618 3161 artisque
637 3095 776 3166 Pelasgae.

80 3171 257 3238 Prosequitur
274 3170 404 3239 pavitans,
422 3170 451 3221 et
469 3167 532 3221 fiete
550 3174 661 3236 pretore
679 3173 768 3229 fatur:
