2032 3524
363 110 545 158 AENEIDOS
563 109 632 160 ΜΒ.
653 111 686 158 V.
904 115 949 161 169

96 193 166 246 'an
184 193 263 260 pater
282 189 398 256 Aeneas,
418 191 526 258 Vestra,
543 192 639 260 inquit,
658 209 771 246 munera
788 192 864 246 vobis

98 269 182 322 Uerta
198 269 318 333 manent,
336 267 420 335 pueri,
440 270 469 320 et
487 267 604 335 palmam
622 273 714 322 movet
732 270 827 322 ordine
845 285 939 334 nemo;

98 345 144 398 Mo
162 344 244 397 liceat
262 360 339 395 casus
359 343 482 396 miserari
499 343 613 396 insontis
632 344 718 396 amici.
913 358 950 398 35⁰

97 421 141 474 Sic
158 420 232 473 fatus
250 422 358 485 tergum
378 419 487 471 Gaetuli
504 420 611 472 inmane
630 419 715 472 leonis
982 427 986 436 ⁴

97 497 153 550 Dat
172 496 252 560 Salio,
270 495 340 547 villis
359 511 502 547 onerosum
521 498 604 562 atque
623 495 758 562 unguibus
776 497 874 551 aureis

98 573 152 626 Hic
170 573 262 638 Nisus,
283 571 311 624 Si
329 575 414 636 tanta,
433 570 529 637 inquit,
549 573 612 623 sunt
629 573 751 639 praemia
770 573 855 640 victis,

98 650 134 702 Et
152 652 181 702 te
199 648 335 716 lapsorum
354 648 472 712 miseret,
492 663 562 714 quae
580 665 692 701 munera
710 649 776 701 Niso

98 725 187 792 Digna
205 723 299 777 dabisl
318 723 433 790 primam
452 725 538 776 merui
557 724 602 791 qui
621 725 701 777 laude
719 742 852 791 coronam,
914 740 951 780 355

98 802 132 853 Ni
151 818 202 867 me,
222 816 293 868 quae
311 799 421 865 Salium,
439 800 549 853 fortune
567 801 674 853 inimica
692 802 807 854 tulisset.

98 878 133 930 ut
152 877 230 930 simul
248 876 290 929 his
309 875 390 929 dictis
408 876 504 929 faciem
523 876 680 930 ostentabat
698 881 727 929 et
745 878 814 930 udo.

97 953 197 1021 Turpia
215 952 337 1005 memma
355 953 425 1004 fimo.
464 951 536 1003 ltisit
554 955 632 1018 patcr
650 955 777 1019 optumus
794 954 847 1021 olli,

98 1030 133 1081 ut
151 1029 267 1097 clipeum
287 1027 377 1081 efferri
396 1028 483 1094 iussit,
501 1027 677 1095 Didymaonis
695 1030 769 1094 artis,

96 1106 219 1174 Neptuni
237 1122 312 1158 sacro
332 1104 433 1157 Danais
451 1105 486 1156 de
504 1108 584 1171 poste
602 1104 724 1158 rcfixum.
913 1121 949 1160 ooo

98 1182 158 1235 Hoc
176 1182 301 1235 iuvenem
319 1181 459 1248 egregium
477 1180 629 1248 praestanti
648 1197 758 1233 munere
777 1182 868 1235 donat.

134 1257 206 1325 Post,
224 1257 271 1310 ubi
290 1256 408 1310 confecti
425 1273 528 1323 cursus,
548 1260 576 1308 et
595 1255 667 1308 dona
685 1259 806 1324 peregit:

97 1333 122 1384 N
124 1351 184 1400 unc,
202 1335 224 1387 si
243 1334 285 1386 cui
304 1333 390 1386 virtus
409 1333 568 1400 animusque
586 1332 613 1385 in
632 1337 743 1400 pectore
760 1351 895 1404 praesens,

99 1409 189 1476 Adsit,
208 1413 236 1463 ct
254 1409 369 1462 evinctis
388 1409 497 1461 attollat
515 1409 641 1462 bracchia
658 1408 762 1477 palmis.
799 1433 802 1441 ¹

97 1484 140 1538 Sic
158 1486 196 1539 ait
214 1490 243 1539 et
260 1485 397 1552 geminum
416 1501 522 1551 pugnae
540 1485 668 1553 proponit
685 1485 823 1555 honorem,
911 1503 947 1542 365

97 1561 203 1615 Victori
221 1562 341 1614 velatum
359 1577 425 1613 auro
443 1561 575 1629 vittisque
593 1563 742 1628 iuvencum,

97 1638 195 1691 Ensem
214 1641 298 1704 atque
315 1637 447 1704 insignem
465 1637 570 1704 galeam
588 1638 685 1690 solatia
702 1639 779 1692 victo.

96 1713 122 1765 N
124 1730 156 1766 cc
173 1730 263 1777 mora;
284 1713 411 1767 continuo
430 1713 514 1765 rastis
532 1730 592 1766 cum
611 1714 714 1766 viribus
733 1715 812 1768 effert

97 1789 152 1842 Ora
170 1790 264 1856 Dares,
282 1805 436 1856 magnoque
453 1789 541 1841 virum
559 1806 588 1841 se
606 1806 745 1842 murmure
764 1790 851 1855 tollit;

96 1866 172 1919 Solus
190 1866 237 1934 qui
257 1865 382 1918 Paridem
401 1865 496 1917 solitus
514 1865 680 1918 contendere
698 1869 799 1931 contra,
910 1881 947 1920 370

97 1941 230 2009 Idemque
248 1941 284 1994 ad
302 1941 443 2007 tumulum,
463 1957 516 2008 quo
534 1959 677 1994 maxumus
695 1941 808 1994 occubat
828 1942 939 2005 Hector,

99 2017 237 2069 Victorem
256 2017 347 2069 Buten
365 2017 466 2069 inmani
483 2033 602 2084 corpore,
621 2018 668 2085 qui
686 2033 715 2068 so

97 2091 230 2159 Bebrycia
247 2092 356 2144 veniens
375 2093 471 2160 Amyci
489 2092 524 2144 de
541 2096 625 2160 gente
644 2093 758 2159 ferebat,

97 2168 217 2220 Perculit
235 2170 263 2220 et
280 2166 354 2220 fulva
371 2167 561 2220 moribundum
580 2167 705 2221 extendit
723 2184 813 2221 arona.

96 2245 167 2297 Talis
185 2244 273 2312 prima
291 2243 378 2297 Dares
396 2248 477 2312 caput
495 2243 581 2297 altum
599 2245 625 2296 in
645 2243 748 2312 proelia
766 2244 845 2309 tollit,
910 2258 946 2298 375

96 2321 279 2389 Ostenditque
297 2319 425 2373 humeros
444 2320 521 2386 latos,
540 2321 699 2388 alternaque
717 2320 801 2373 iactat

96 2398 226 2452 Bracchia
244 2396 418 2466 protendens,
438 2399 466 2449 et
485 2396 613 2449 verberat
631 2396 730 2449 ictibus
748 2413 836 2448 auras.

95 2475 241 2539 Quaeritur
258 2473 321 2526 huic
338 2472 422 2537 alius;
448 2488 498 2525 nec
516 2473 660 2540 quisquam
679 2489 712 2524 ex
731 2472 839 2539 agmine
856 2473 935 2524 tanto

97 2551 189 2604 nudet
206 2550 283 2603 adire
302 2550 390 2602 virum
408 2548 587 2615 manibusque
605 2548 735 2601 inducere
754 2553 868 2600 caestus.

95 2626 167 2693 Ergo
184 2626 287 2692 alacris
305 2629 472 2692 cunctosque
490 2628 590 2692 putans
609 2624 742 2677 excedere
761 2623 857 2691 palma,
910 2635 947 2673 oso

96 2705 205 2754 Aeneae
223 2701 305 2754 stetit·
320 2705 383 2754 ante
401 2701 494 2768 pedes,
513 2718 563 2754 nec
580 2701 659 2768 plura
678 2703 800 2752 moratus

93 2776 162 2829 'l'um
180 2777 257 2830 laeva
274 2780 384 2829 taurum
401 2793 485 2830 cornu
502 2780 587 2844 tenet,
605 2780 689 2844 atque
707 2776 747 2830 ita
766 2774 851 2826 fatur:

94 2852 166 2905 Nate
185 2851 245 2919 dea,
263 2873 286 2910 si
304 2867 383 2906 nenio
399 2852 484 2907 audet
502 2869 531 2906 se
549 2852 664 2906 credero
680 2864 797 2918 pugnae,

94 2929 170 2992 Quae
188 2929 250 2981 finis
268 2927 376 2982 standil
397 2945 452 2996 quo
469 2945 514 2983 me
531 2929 612 2982 decet
629 2942 717 2994 usque
735 2924 858 2979 tenerit.

93 3005 201 3058 Ducere
219 3005 292 3059 dona
308 3003 380 3057 iube.
415 3004 512 3059 Cuncti
530 3004 609 3058 simul
626 3019 674 3057 ore
690 2999 845 3055 fremebant
909 3008 948 3053 tt(

93 3082 277 3148 Dardanidae,
297 3079 432 3147 reddique
450 3081 507 3135 viro
524 3079 658 3150 promissa
674 3074 816 3131 iubebant.

94 3157 147 3210 llic
163 3150 258 3225 gravis
274 3155 414 3211 Entellum
431 3154 512 3211 dietis
529 3155 648 3223 castigat
663 3152 792 3217 Acestes,
