2032 3524
337 109 521 158 AENEIDOS
538 109 609 158 LIB.
633 109 662 157 V.
881 109 924 156 161

79 192 172 257 Quove
189 191 276 259 magis
294 190 380 244 fessas
397 194 490 259 optem
508 189 654 243 demittere
672 190 755 256 navis,

79 268 166 332 Quam
184 284 254 336 quac
272 267 440 320 Dardanium
459 267 539 319 tellus
557 267 623 318 mihi
641 270 732 319 servat
751 268 878 332 Acesten,
906 279 928 318 aa

79 345 116 397 llt
133 346 220 412 patris
239 344 376 396 Anchisae
394 344 497 410 gremio
516 343 697 411 conplectitur
715 345 791 397 ossa?

79 423 155 474 llaec
173 421 219 473 ubi
237 421 318 488 dicta,
336 425 435 489 petunt
453 425 555 488 portus,
574 426 602 474 ot
620 421 680 474 vela
697 421 808 475 secundi

79 498 231 551 intendunt
249 498 380 565 Zephyri;
397 498 485 550 fertur
503 498 557 550 cita
574 498 684 567 gurgite
703 498 802 566 elassis,

78 574 115 627 Et
132 575 243 627 tandem
261 575 326 627 laeti
344 578 425 626 notae
443 574 624 627 advertuntur
643 591 748 628 aronae.
898 636 900 641 ,

115 655 155 705 At
171 651 265 720 procul
284 650 390 703 excelso
408 651 522 704 miratus
540 652 642 704 vertice
660 652 760 704 montis
907 660 932 700 35

79 728 237 781 Adventum
255 727 394 795 sociasque
413 731 486 780 rates
504 728 621 781 occurrit
641 731 764 794 Acestes,

80 803 215 857 Horridus
233 804 261 856 in
278 804 371 857 iaculis
389 806 418 856 ot
436 805 507 871 pelle
526 804 675 872 Libystidis
692 821 780 872 ursae,

78 880 158 932 Troia
176 880 290 933 Crimiso
309 884 467 947 conceptum
486 881 596 933 flumine
615 884 702 934 mater

79 956 164 1019 Quem
180 957 283 1025 genuit.
320 956 455 1008 Veterum
473 974 525 1007 non
545 957 677 1008 inmemor
694 957 740 1010 ille
757 959 903 1026 parentum

79 1034 211 1086 (irrotatur
228 1032 343 1085 reduces
360 1037 389 1085 ct
407 1049 474 1098 gaza
492 1032 579 1084 lactus
597 1034 698 1098 agresti
905 1045 930 1083 co

78 1110 194 1176 Excipit,
212 1125 243 1161 ao
260 1108 345 1160 sessos
363 1108 460 1174 opibus
479 1106 581 1159 solatur
599 1107 697 1160 amicis.

114 1186 228 1237 Postera
246 1200 307 1236 cnm
325 1184 412 1250 primo
430 1183 523 1235 stellas
542 1183 655 1236 Oriente
672 1184 780 1250 fugarat

79 1261 160 1314 Clara
178 1261 245 1326 dies,
265 1260 350 1311 socios
368 1259 396 1310 in
415 1262 522 1312 coetum
541 1259 621 1312 litore
639 1260 674 1312 ab
693 1260 765 1311 omni

79 1336 205 1389 Advoeat
225 1338 340 1401 Aeneas,
359 1336 510 1403 tumulique
529 1353 562 1389 ex
581 1353 681 1404 aggere
699 1337 785 1390 fatur:

79 1413 253 1466 Dardanidae
270 1414 369 1480 magni,
387 1430 473 1480 genus
492 1413 547 1466 alto
566 1429 582 1465 a
600 1413 731 1481 sanguine
749 1412 849 1479 divom,
906 1425 930 1464 45

79 1491 194 1542 Annuus
213 1490 316 1542 exactis
334 1490 475 1557 conpletur
493 1489 631 1542 mensibus
650 1490 730 1556 orbis,

79 1566 119 1618 Ex
138 1583 192 1634 quo
209 1566 338 1634 reliquias
359 1566 500 1634 divinique
519 1583 580 1619 ossa
597 1567 719 1634 parentis

78 1642 257 1695 Condidimus
275 1648 350 1695 terra
368 1647 540 1710 maestasque
560 1644 725 1696 sacravimus
744 1659 812 1696 aras.

79 1719 192 1788 lamque
211 1720 276 1786 dies,
295 1719 347 1771 nisi
364 1718 450 1785 fallor,
468 1719 554 1784 adest,
571 1736 651 1786 quem
669 1736 777 1788 semper
793 1717 931 1781 acerbum,

78 1795 191 1864 Semper
210 1796 445 1848 honoratum—sic
464 1796 492 1847 di
511 1795 785 1848 voluistis—habebo.
907 1805 931 1843 so

80 1872 159 1925 Hunc
177 1889 227 1938 ego
246 1872 369 1924 Gaetulis
387 1889 496 1938 agerem
516 1872 538 1922 si
557 1871 681 1938 Syrtibus
700 1871 785 1938 exsul,

79 1948 240 2014 Argolicove
258 1947 326 1998 mari
345 1947 495 2013 deprensus
513 1950 542 1998 ot
560 1947 627 1999 urbo
646 1948 783 2015 Mycenae,

80 2025 179 2074 Annua
197 2027 260 2073 vota
277 2024 370 2073 tamen
389 2021 580 2086 sollemnisque
598 2022 693 2073 ordine
711 2037 823 2089 pompas

80 2098 259 2163 Exsequerer,
278 2102 467 2162 strueremque
486 2096 541 2147 suis
559 2096 656 2148 altaria
674 2096 759 2148 donis.

79 2173 158 2224 Nunc
177 2172 249 2224 ultro
268 2173 303 2224 ad
322 2172 427 2224 cineres
445 2173 530 2240 ipsius
548 2175 577 2224 ct
595 2188 655 2225 ossa
672 2171 800 2240 parentis,
908 2184 933 2222 55

82 2250 164 2302 Haud
182 2249 310 2315 equidem
328 2248 385 2301 sine
404 2252 495 2302 mente
514 2264 583 2315 reor,
603 2249 659 2301 sine
678 2247 787 2300 numine
805 2246 903 2312 divom,

80 2326 220 2378 Adsumus
238 2328 266 2378 et
284 2328 380 2392 portus
399 2324 483 2378 delati
502 2325 635 2377 intramus
653 2323 760 2377 amicos.

79 2403 153 2470 Ergo
171 2402 253 2470 agite,
273 2406 301 2456 ot
318 2403 420 2455 laetum
440 2402 530 2455 cuncti
549 2401 717 2455 celebremus
736 2401 881 2465 honorem;

78 2478 225 2534 Poscamus
243 2482 346 2546 ventos,
365 2483 448 2548 atque
466 2479 533 2532 haec
551 2495 595 2531 me
613 2495 689 2531 sacra
708 2481 774 2545 quot
793 2475 869 2529 annis

78 2558 154 2611 Urbe
173 2559 238 2611 velit
256 2559 345 2627 posita
363 2555 474 2624 templis
493 2554 544 2608 sibi
562 2555 635 2608 serre
654 2555 757 2608 dicatis.
908 2565 933 2604 uo

79 2635 147 2686 Bina
165 2635 247 2687 boum
265 2635 342 2687 vobis
361 2633 441 2695 Troia
458 2635 606 2701 generatus
626 2633 741 2685 Acestes

79 2707 134 2763 Dat
152 2727 264 2763 numero
281 2711 370 2778 capita
388 2711 416 2762 in
434 2710 526 2773 navis3
544 2708 674 2762 adhibete
694 2706 804 2760 Penatis

80 2787 116 2838 llt
133 2787 236 2854 patrios
255 2786 341 2854 epulis
359 2788 388 2839 et
406 2802 474 2854 quos
492 2785 556 2838 colit
574 2785 673 2853 hospes
694 2785 817 2835 Acestes,

80 2863 234 2929 Praeterea,
253 2862 275 2914 si
293 2878 363 2914 nona
381 2861 454 2914 diem
472 2860 632 2914 mortalibus
650 2859 750 2913 almum

80 2940 188 2992 Aurora
207 2937 337 2991 extulerit
354 2937 491 3006 radiisque
509 2937 643 2990 retexerit
661 2934 764 2992 orbem.
909 2940 935 2979 ῦὸ

80 3017 171 3068 Prima
189 3015 260 3067 citae
277 3013 388 3066 Teucris
405 3029 504 3082 ponam
521 3012 670 3066 certamina
688 3009 717 3062 cla
777 3022 795 3064 v:

80 3091 188 3160 Quique
204 3089 306 3159 pedum
324 3105 405 3142 cursu
422 3089 504 3155 valet,
524 3091 553 3141 ct
570 3088 617 3156 qui
634 3083 738 3140 viribus
753 3103 777 3128 w

81 3169 140 3222 Ant
156 3166 243 3222 iaculo
260 3163 364 3220 incedit
381 3166 478 3220 melior
494 3164 655 3232 levibusque
672 3176 681 3215 ε
