<?xml version="1.0" encoding="UTF-8"?>
<!DOCTYPE html PUBLIC "-//W3C//DTD XHTML 1.0 Transitional//EN"
    "http://www.w3.org/TR/xhtml1/DTD/xhtml1-transitional.dtd">
<html xmlns="http://www.w3.org/1999/xhtml" xml:lang="en" lang="en">
 <head>
  <title>
</title>
<meta http-equiv="Content-Type" content="text/html;charset=utf-8" />
  <meta name='ocr-system' content='tesseract 3.04.00' />
  <meta name='ocr-capabilities' content='ocr_page ocr_carea ocr_par ocr_line ocrx_word'/>
</head>
<body>
  <div class='ocr_page' id='page_1' title='image "./publivergilimar01virggoog/publivergilimar01virggoog_0052.png"; bbox 0 0 2032 3524; ppageno 0'>
   <div class='ocr_carea' id='block_1_1' title="bbox 331 110 936 165">
    <p class='ocr_par' dir='ltr' id='par_1_1' title="bbox 331 110 936 165">
     <span class='ocr_line' id='line_1_1' title="bbox 331 110 936 165; baseline 0.003 -3"><span class='ocrx_word' id='word_1_1' title='bbox 331 115 541 164; x_wconf 80' lang='lat' dir='ltr'><strong>GEORGICON</strong></span> <span class='ocrx_word' id='word_1_2' title='bbox 560 117 629 165; x_wconf 91' lang='lat' dir='ltr'>LIB.</span> <span class='ocrx_word' id='word_1_3' title='bbox 649 117 686 164; x_wconf 90' lang='lat' dir='ltr'>II.</span> <span class='ocrx_word' id='word_1_4' title='bbox 813 110 814 113; x_wconf 29' lang='lat'>¹</span> <span class='ocrx_word' id='word_1_5' title='bbox 906 119 936 164; x_wconf 84' lang='grc'>39</span> 
     </span>
    </p>
   </div>
   <div class='ocr_carea' id='block_1_2' title="bbox 78 196 936 3230">
    <p class='ocr_par' dir='ltr' id='par_1_2' title="bbox 82 196 701 266">
     <span class='ocr_line' id='line_1_2' title="bbox 82 196 701 266; baseline -0.006 -13"><span class='ocrx_word' id='word_1_6' title='bbox 82 200 250 266; x_wconf 79' lang='lat' dir='ltr'><strong>Exspectant</strong></span> <span class='ocrx_word' id='word_1_7' title='bbox 268 200 296 249; x_wconf 93' lang='lat' dir='ltr'>ct</span> <span class='ocrx_word' id='word_1_8' title='bbox 314 196 373 248; x_wconf 86' lang='lat' dir='ltr'>viva</span> <span class='ocrx_word' id='word_1_9' title='bbox 392 213 441 249; x_wconf 92' lang='lat' dir='ltr'>sua</span> <span class='ocrx_word' id='word_1_10' title='bbox 458 197 593 265; x_wconf 89' lang='lat' dir='ltr'>plantaria</span> <span class='ocrx_word' id='word_1_11' title='bbox 611 200 701 261; x_wconf 89' lang='lat' dir='ltr'>terra;</span> 
     </span>
    </p>

    <p class='ocr_par' dir='ltr' id='par_1_3' title="bbox 82 273 776 341">
     <span class='ocr_line' id='line_1_3' title="bbox 82 273 776 341; baseline -0.006 -13"><span class='ocrx_word' id='word_1_12' title='bbox 82 275 129 329; x_wconf 92' lang='lat' dir='ltr'>Nil</span> <span class='ocrx_word' id='word_1_13' title='bbox 148 274 245 326; x_wconf 83' lang='lat' dir='ltr'>radicis</span> <span class='ocrx_word' id='word_1_14' title='bbox 264 276 346 340; x_wconf 90' lang='lat' dir='ltr'>egent</span> <span class='ocrx_word' id='word_1_15' title='bbox 364 273 439 337; x_wconf 91' lang='lat' dir='ltr'>aliae,</span> <span class='ocrx_word' id='word_1_16' title='bbox 458 290 646 339; x_wconf 89' lang='lat' dir='ltr'>summumque</span> <span class='ocrx_word' id='word_1_17' title='bbox 664 276 776 341; x_wconf 87' lang='lat' dir='ltr'>putator</span> 
     </span>
    </p>

    <p class='ocr_par' dir='ltr' id='par_1_4' title="bbox 80 349 936 568">
     <span class='ocr_line' id='line_1_4' title="bbox 83 349 848 413; baseline -0.004 -10"><span class='ocrx_word' id='word_1_18' title='bbox 83 351 167 403; x_wconf 91' lang='lat' dir='ltr'>Haud</span> <span class='ocrx_word' id='word_1_19' title='bbox 185 349 292 411; x_wconf 85' lang='lat' dir='ltr'>dubitat</span> <span class='ocrx_word' id='word_1_20' title='bbox 311 353 402 402; x_wconf 88' lang='lat' dir='ltr'>terrae</span> <span class='ocrx_word' id='word_1_21' title='bbox 421 349 541 401; x_wconf 88' lang='lat' dir='ltr'>referens</span> <span class='ocrx_word' id='word_1_22' title='bbox 559 349 689 402; x_wconf 82' lang='lat' dir='ltr'>mandare</span> <span class='ocrx_word' id='word_1_23' title='bbox 707 365 848 413; x_wconf 81' lang='lat' dir='ltr'>cacumen3</span> 
     </span>
     <span class='ocr_line' id='line_1_5' title="bbox 81 424 936 491; baseline -0.002 -11"><span class='ocrx_word' id='word_1_24' title='bbox 81 428 153 491; x_wconf 75' lang='lat' dir='ltr'>Quin</span> <span class='ocrx_word' id='word_1_25' title='bbox 171 430 199 479; x_wconf 91' lang='lat' dir='ltr'>et</span> <span class='ocrx_word' id='word_1_26' title='bbox 217 425 371 478; x_wconf 85' lang='lat' dir='ltr'><strong>caudicibus</strong></span> <span class='ocrx_word' id='word_1_27' title='bbox 390 424 629 478; x_wconf 89' lang='lat' dir='ltr'>sectis-mirabile</span> <span class='ocrx_word' id='word_1_28' title='bbox 649 425 758 477; x_wconf 79' lang='lat' dir='ltr'>dictu-</span> <span class='ocrx_word' id='word_1_29' title='bbox 911 439 936 478; x_wconf 78' lang='lat' dir='ltr'>oo</span> 
     </span>
     <span class='ocr_line' id='line_1_6' title="bbox 80 501 674 568; baseline -0.003 -12"><span class='ocrx_word' id='word_1_30' title='bbox 80 503 211 556; x_wconf 84' lang='lat' dir='ltr'>Truditur</span> <span class='ocrx_word' id='word_1_31' title='bbox 229 519 244 555; x_wconf 90' lang='lat' dir='ltr'>c</span> <span class='ocrx_word' id='word_1_32' title='bbox 263 503 330 555; x_wconf 90' lang='lat' dir='ltr'>sicco</span> <span class='ocrx_word' id='word_1_33' title='bbox 350 502 428 553; x_wconf 83' lang='lat' dir='ltr'>radix</span> <span class='ocrx_word' id='word_1_34' title='bbox 448 501 570 568; x_wconf 87' lang='lat' dir='ltr'>oleagina</span> <span class='ocrx_word' id='word_1_35' title='bbox 589 501 674 568; x_wconf 81' lang='lat' dir='ltr'>lign03</span> 
     </span>
    </p>

    <p class='ocr_par' dir='ltr' id='par_1_5' title="bbox 80 577 714 647">
     <span class='ocr_line' id='line_1_7' title="bbox 80 577 714 647; baseline -0.005 -14"><span class='ocrx_word' id='word_1_36' title='bbox 80 580 118 633; x_wconf 80' lang='lat' dir='ltr'>Et</span> <span class='ocrx_word' id='word_1_37' title='bbox 136 595 217 647; x_wconf 86' lang='lat' dir='ltr'>saepo</span> <span class='ocrx_word' id='word_1_38' title='bbox 235 578 346 630; x_wconf 88' lang='lat' dir='ltr'>alterius</span> <span class='ocrx_word' id='word_1_39' title='bbox 365 595 454 631; x_wconf 89' lang='lat' dir='ltr'>ramos</span> <span class='ocrx_word' id='word_1_40' title='bbox 472 578 573 645; x_wconf 91' lang='lat' dir='ltr'>inpune</span> <span class='ocrx_word' id='word_1_41' title='bbox 592 577 714 630; x_wconf 83' lang='lat' dir='ltr'>videmus</span> 
     </span>
    </p>

    <p class='ocr_par' dir='ltr' id='par_1_6' title="bbox 80 654 774 722">
     <span class='ocr_line' id='line_1_8' title="bbox 80 654 774 722; baseline 0.001 -16"><span class='ocrx_word' id='word_1_42' title='bbox 80 656 198 708; x_wconf 85' lang='lat' dir='ltr'>Vertere</span> <span class='ocrx_word' id='word_1_43' title='bbox 215 656 241 707; x_wconf 92' lang='lat' dir='ltr'>in</span> <span class='ocrx_word' id='word_1_44' title='bbox 261 654 380 722; x_wconf 71' lang='lat' dir='ltr'>alterius</span> <span class='ocrx_word' id='word_1_45' title='bbox 400 658 587 721; x_wconf 90' lang='lat' dir='ltr'>mutatamque</span> <span class='ocrx_word' id='word_1_46' title='bbox 604 654 685 706; x_wconf 90' lang='lat' dir='ltr'>insita</span> <span class='ocrx_word' id='word_1_47' title='bbox 702 655 774 707; x_wconf 87' lang='lat' dir='ltr'>nrala</span> 
     </span>
    </p>

    <p class='ocr_par' dir='ltr' id='par_1_7' title="bbox 80 729 846 799">
     <span class='ocr_line' id='line_1_9' title="bbox 80 729 846 799; baseline -0.003 -15"><span class='ocrx_word' id='word_1_48' title='bbox 80 732 165 784; x_wconf 86' lang='lat' dir='ltr'>Ferre</span> <span class='ocrx_word' id='word_1_49' title='bbox 183 732 280 799; x_wconf 89' lang='lat' dir='ltr'>pirum,</span> <span class='ocrx_word' id='word_1_50' title='bbox 299 734 328 783; x_wconf 85' lang='lat' dir='ltr'>et</span> <span class='ocrx_word' id='word_1_51' title='bbox 346 732 439 799; x_wconf 90' lang='lat' dir='ltr'>prunis</span> <span class='ocrx_word' id='word_1_52' title='bbox 457 730 580 799; x_wconf 85' lang='lat' dir='ltr'>lapidosa</span> <span class='ocrx_word' id='word_1_53' title='bbox 597 729 741 782; x_wconf 84' lang='lat' dir='ltr'>rubescere</span> <span class='ocrx_word' id='word_1_54' title='bbox 760 747 846 783; x_wconf 85' lang='lat' dir='ltr'>corna.</span> 
     </span>
    </p>

    <p class='ocr_par' dir='ltr' id='par_1_8' title="bbox 80 806 933 952">
     <span class='ocr_line' id='line_1_10' title="bbox 115 806 933 874; baseline 0.002 -14"><span class='ocrx_word' id='word_1_55' title='bbox 115 807 204 870; x_wconf 79' lang='lat' dir='ltr'>Quare</span> <span class='ocrx_word' id='word_1_56' title='bbox 223 807 295 874; x_wconf 90' lang='lat' dir='ltr'>agite</span> <span class='ocrx_word' id='word_1_57' title='bbox 315 824 337 874; x_wconf 89' lang='lat'>0,</span> <span class='ocrx_word' id='word_1_58' title='bbox 357 808 480 874; x_wconf 83' lang='lat' dir='ltr'>proprios</span> <span class='ocrx_word' id='word_1_59' title='bbox 498 807 650 872; x_wconf 73' lang='lat' dir='ltr'>generatim</span> <span class='ocrx_word' id='word_1_60' title='bbox 669 806 764 858; x_wconf 88' lang='lat' dir='ltr'>discite</span> <span class='ocrx_word' id='word_1_61' title='bbox 782 806 876 869; x_wconf 88' lang='lat' dir='ltr'>cultus,</span> <span class='ocrx_word' id='word_1_62' title='bbox 910 823 933 862; x_wconf 74' lang='lat'>³5</span> 
     </span>
     <span class='ocr_line' id='line_1_11' title="bbox 80 883 761 952; baseline 0 -17"><span class='ocrx_word' id='word_1_63' title='bbox 80 884 231 950; x_wconf 80' lang='lat' dir='ltr'>Agricolae,</span> <span class='ocrx_word' id='word_1_64' title='bbox 251 885 409 952; x_wconf 85' lang='lat' dir='ltr'>fructusque</span> <span class='ocrx_word' id='word_1_65' title='bbox 428 883 501 934; x_wconf 88' lang='lat' dir='ltr'>feros</span> <span class='ocrx_word' id='word_1_66' title='bbox 519 883 622 935; x_wconf 89' lang='lat' dir='ltr'>mollite</span> <span class='ocrx_word' id='word_1_67' title='bbox 641 883 761 946; x_wconf 88' lang='lat' dir='ltr'>colende,</span> 
     </span>
    </p>

    <p class='ocr_par' dir='ltr' id='par_1_9' title="bbox 78 959 865 1179">
     <span class='ocr_line' id='line_1_12' title="bbox 79 959 865 1026; baseline 0.001 -15"><span class='ocrx_word' id='word_1_68' title='bbox 79 960 141 1012; x_wconf 79' lang='lat' dir='ltr'>Neu</span> <span class='ocrx_word' id='word_1_69' title='bbox 160 976 256 1026; x_wconf 82' lang='lat' dir='ltr'>segnes</span> <span class='ocrx_word' id='word_1_70' title='bbox 275 960 380 1012; x_wconf 85' lang='lat' dir='ltr'>iaceant</span> <span class='ocrx_word' id='word_1_71' title='bbox 399 964 496 1012; x_wconf 86' lang='lat' dir='ltr'>terrae.</span> <span class='ocrx_word' id='word_1_72' title='bbox 535 959 616 1010; x_wconf 89' lang='lat' dir='ltr'>Iuvat</span> <span class='ocrx_word' id='word_1_73' title='bbox 636 959 741 1010; x_wconf 86' lang='lat' dir='ltr'>Ismara</span> <span class='ocrx_word' id='word_1_74' title='bbox 760 960 865 1012; x_wconf 88' lang='lat' dir='ltr'>Baccho</span> 
     </span>
     <span class='ocr_line' id='line_1_13' title="bbox 79 1034 864 1103; baseline 0 -14"><span class='ocrx_word' id='word_1_75' title='bbox 79 1037 237 1103; x_wconf 81' lang='lat' dir='ltr'>Conscrerc,</span> <span class='ocrx_word' id='word_1_76' title='bbox 256 1040 338 1103; x_wconf 89' lang='lat' dir='ltr'>atquc</span> <span class='ocrx_word' id='word_1_77' title='bbox 357 1037 417 1087; x_wconf 92' lang='lat' dir='ltr'>olea</span> <span class='ocrx_word' id='word_1_78' title='bbox 434 1052 564 1102; x_wconf 84' lang='lat' dir='ltr'>nragnum</span> <span class='ocrx_word' id='word_1_79' title='bbox 583 1034 683 1085; x_wconf 85' lang='lat' dir='ltr'>vestire</span> <span class='ocrx_word' id='word_1_80' title='bbox 703 1034 864 1089; x_wconf 78' lang='lat' dir='ltr'>Taburnum.</span> 
     </span>
     <span class='ocr_line' id='line_1_14' title="bbox 78 1109 824 1179; baseline -0.003 -15"><span class='ocrx_word' id='word_1_81' title='bbox 78 1111 174 1179; x_wconf 81' lang='lat' dir='ltr'>&#39;l&#39;uque</span> <span class='ocrx_word' id='word_1_82' title='bbox 192 1112 265 1178; x_wconf 89' lang='lat' dir='ltr'>ades,</span> <span class='ocrx_word' id='word_1_83' title='bbox 282 1112 476 1178; x_wconf 76' lang='lat' dir='ltr'>inceptumque</span> <span class='ocrx_word' id='word_1_84' title='bbox 493 1127 547 1161; x_wconf 92' lang='lat' dir='ltr'>una</span> <span class='ocrx_word' id='word_1_85' title='bbox 565 1109 680 1161; x_wconf 87' lang='lat' dir='ltr'>decurre</span> <span class='ocrx_word' id='word_1_86' title='bbox 698 1110 824 1173; x_wconf 90' lang='lat' dir='ltr'>laborem,</span> 
     </span>
    </p>

    <p class='ocr_par' dir='ltr' id='par_1_10' title="bbox 78 1187 935 1330">
     <span class='ocr_line' id='line_1_15' title="bbox 78 1187 935 1253; baseline -0.002 -12"><span class='ocrx_word' id='word_1_87' title='bbox 78 1187 103 1241; x_wconf 92' lang='grc' dir='ltr'><strong>Ο</strong></span> <span class='ocrx_word' id='word_1_88' title='bbox 123 1187 213 1253; x_wconf 86' lang='lat' dir='ltr'>docus,</span> <span class='ocrx_word' id='word_1_89' title='bbox 233 1204 248 1239; x_wconf 97' lang='lat'>0</span> <span class='ocrx_word' id='word_1_90' title='bbox 267 1187 355 1239; x_wconf 82' lang='lat' dir='ltr'>lamae</span> <span class='ocrx_word' id='word_1_91' title='bbox 374 1187 472 1238; x_wconf 85' lang='lat' dir='ltr'>merito</span> <span class='ocrx_word' id='word_1_92' title='bbox 491 1202 554 1253; x_wconf 84' lang='lat' dir='ltr'>pars</span> <span class='ocrx_word' id='word_1_93' title='bbox 573 1202 699 1238; x_wconf 82' lang='lat' dir='ltr'>maxuma</span> <span class='ocrx_word' id='word_1_94' title='bbox 718 1191 833 1251; x_wconf 75' lang='lat' dir='ltr'>nostrae,</span> <span class='ocrx_word' id='word_1_95' title='bbox 910 1200 935 1239; x_wconf 76' lang='lat' dir='ltr'>so</span> 
     </span>
     <span class='ocr_line' id='line_1_16' title="bbox 78 1262 774 1330; baseline -0.001 -15"><span class='ocrx_word' id='word_1_96' title='bbox 78 1262 231 1327; x_wconf 83' lang='lat' dir='ltr'>Maecenas,</span> <span class='ocrx_word' id='word_1_97' title='bbox 250 1263 400 1330; x_wconf 82' lang='lat' dir='ltr'>pelagoque</span> <span class='ocrx_word' id='word_1_98' title='bbox 419 1262 511 1315; x_wconf 85' lang='lat' dir='ltr'>volans</span> <span class='ocrx_word' id='word_1_99' title='bbox 531 1262 566 1314; x_wconf 92' lang='lat' dir='ltr'>da</span> <span class='ocrx_word' id='word_1_100' title='bbox 584 1262 644 1314; x_wconf 85' lang='lat' dir='ltr'>vela</span> <span class='ocrx_word' id='word_1_101' title='bbox 661 1263 774 1330; x_wconf 87' lang='lat' dir='ltr'>patenti.</span> 
     </span>
    </p>

    <p class='ocr_par' dir='ltr' id='par_1_11' title="bbox 78 1338 788 1406">
     <span class='ocr_line' id='line_1_17' title="bbox 78 1338 788 1406; baseline -0.003 -13"><span class='ocrx_word' id='word_1_102' title='bbox 78 1340 104 1393; x_wconf 85' lang='lat' dir='ltr'>N</span> <span class='ocrx_word' id='word_1_103' title='bbox 107 1357 141 1392; x_wconf 92' lang='lat' dir='ltr'>on</span> <span class='ocrx_word' id='word_1_104' title='bbox 160 1357 210 1406; x_wconf 90' lang='lat' dir='ltr'>ego</span> <span class='ocrx_word' id='word_1_105' title='bbox 229 1343 327 1392; x_wconf 89' lang='lat' dir='ltr'>cuncta</span> <span class='ocrx_word' id='word_1_106' title='bbox 345 1340 412 1391; x_wconf 89' lang='lat' dir='ltr'>meis</span> <span class='ocrx_word' id='word_1_107' title='bbox 431 1339 557 1406; x_wconf 89' lang='lat' dir='ltr'>amplecti</span> <span class='ocrx_word' id='word_1_108' title='bbox 576 1338 699 1392; x_wconf 85' lang='lat' dir='ltr'>versibus</span> <span class='ocrx_word' id='word_1_109' title='bbox 717 1343 788 1406; x_wconf 89' lang='lat' dir='ltr'>opto,</span> 
     </span>
    </p>

    <p class='ocr_par' dir='ltr' id='par_1_12' title="bbox 78 1415 859 1559">
     <span class='ocr_line' id='line_1_18' title="bbox 78 1415 859 1483; baseline -0.004 -14"><span class='ocrx_word' id='word_1_110' title='bbox 78 1417 104 1469; x_wconf 88' lang='lat' dir='ltr'>N</span> <span class='ocrx_word' id='word_1_111' title='bbox 107 1433 149 1482; x_wconf 91' lang='lat' dir='ltr'>on,</span> <span class='ocrx_word' id='word_1_112' title='bbox 169 1415 232 1468; x_wconf 87' lang='lat' dir='ltr'>milri</span> <span class='ocrx_word' id='word_1_113' title='bbox 251 1416 273 1468; x_wconf 89' lang='lat' dir='ltr'>si</span> <span class='ocrx_word' id='word_1_114' title='bbox 292 1415 399 1482; x_wconf 85' lang='lat' dir='ltr'>linguae</span> <span class='ocrx_word' id='word_1_115' title='bbox 417 1419 526 1468; x_wconf 89' lang='lat' dir='ltr'>centum</span> <span class='ocrx_word' id='word_1_116' title='bbox 545 1415 605 1476; x_wconf 88' lang='lat' dir='ltr'>sint,</span> <span class='ocrx_word' id='word_1_117' title='bbox 624 1432 725 1483; x_wconf 87' lang='lat' dir='ltr'>oraque</span> <span class='ocrx_word' id='word_1_118' title='bbox 742 1420 859 1479; x_wconf 88' lang='lat' dir='ltr'>centum,</span> 
     </span>
     <span class='ocr_line' id='line_1_19' title="bbox 79 1490 795 1559; baseline -0.004 -13"><span class='ocrx_word' id='word_1_119' title='bbox 79 1493 181 1546; x_wconf 84' lang='lat' dir='ltr'>Ferrea</span> <span class='ocrx_word' id='word_1_120' title='bbox 199 1508 265 1554; x_wconf 86' lang='lat' dir='ltr'>rox;</span> <span class='ocrx_word' id='word_1_121' title='bbox 284 1491 357 1558; x_wconf 90' lang='lat' dir='ltr'>ades,</span> <span class='ocrx_word' id='word_1_122' title='bbox 376 1495 405 1544; x_wconf 91' lang='lat' dir='ltr'>et</span> <span class='ocrx_word' id='word_1_123' title='bbox 422 1492 502 1559; x_wconf 90' lang='lat' dir='ltr'>primi</span> <span class='ocrx_word' id='word_1_124' title='bbox 521 1492 581 1557; x_wconf 88' lang='lat' dir='ltr'>lege</span> <span class='ocrx_word' id='word_1_125' title='bbox 600 1490 687 1544; x_wconf 90' lang='lat' dir='ltr'>litoris</span> <span class='ocrx_word' id='word_1_126' title='bbox 705 1508 795 1555; x_wconf 90' lang='lat' dir='ltr'>oram,</span> 
     </span>
    </p>

    <p class='ocr_par' dir='ltr' id='par_1_13' title="bbox 79 1567 933 1711">
     <span class='ocr_line' id='line_1_20' title="bbox 80 1567 933 1631; baseline -0.004 -10"><span class='ocrx_word' id='word_1_127' title='bbox 80 1569 113 1621; x_wconf 88' lang='lat' dir='ltr'>In</span> <span class='ocrx_word' id='word_1_128' title='bbox 131 1567 254 1619; x_wconf 83' lang='lat' dir='ltr'>inanibus</span> <span class='ocrx_word' id='word_1_129' title='bbox 273 1572 379 1631; x_wconf 79' lang='lat' dir='ltr'>terrae3</span> <span class='ocrx_word' id='word_1_130' title='bbox 398 1584 451 1619; x_wconf 93' lang='lat' dir='ltr'>non</span> <span class='ocrx_word' id='word_1_131' title='bbox 470 1567 512 1619; x_wconf 92' lang='lat' dir='ltr'>hic</span> <span class='ocrx_word' id='word_1_132' title='bbox 530 1571 559 1619; x_wconf 90' lang='lat' dir='ltr'>te</span> <span class='ocrx_word' id='word_1_133' title='bbox 577 1567 695 1619; x_wconf 87' lang='lat' dir='ltr'>carmine</span> <span class='ocrx_word' id='word_1_134' title='bbox 714 1568 777 1619; x_wconf 89' lang='lat' dir='ltr'>ficto</span> <span class='ocrx_word' id='word_1_135' title='bbox 909 1580 933 1619; x_wconf 81' lang='lat' dir='ltr'>ss</span> 
     </span>
     <span class='ocr_line' id='line_1_21' title="bbox 79 1643 773 1711; baseline -0.001 -15"><span class='ocrx_word' id='word_1_136' title='bbox 79 1647 173 1711; x_wconf 85' lang='lat' dir='ltr'>Atque</span> <span class='ocrx_word' id='word_1_137' title='bbox 191 1660 241 1711; x_wconf 87' lang='lat' dir='ltr'>per</span> <span class='ocrx_word' id='word_1_138' title='bbox 259 1643 389 1710; x_wconf 83' lang='lat' dir='ltr'>ambages</span> <span class='ocrx_word' id='word_1_139' title='bbox 408 1646 436 1696; x_wconf 91' lang='lat' dir='ltr'>et</span> <span class='ocrx_word' id='word_1_140' title='bbox 454 1643 534 1709; x_wconf 89' lang='lat' dir='ltr'>longa</span> <span class='ocrx_word' id='word_1_141' title='bbox 553 1661 649 1697; x_wconf 81' lang='lat' dir='ltr'>exorsa</span> <span class='ocrx_word' id='word_1_142' title='bbox 668 1643 773 1696; x_wconf 87' lang='lat' dir='ltr'>tenebo.</span> 
     </span>
    </p>

    <p class='ocr_par' dir='ltr' id='par_1_14' title="bbox 79 1718 934 2165">
     <span class='ocr_line' id='line_1_22' title="bbox 114 1718 795 1787; baseline -0.004 -15"><span class='ocrx_word' id='word_1_143' title='bbox 114 1720 215 1786; x_wconf 77' lang='lat' dir='ltr'>Sponte</span> <span class='ocrx_word' id='word_1_144' title='bbox 235 1736 283 1772; x_wconf 88' lang='lat' dir='ltr'>sua</span> <span class='ocrx_word' id='word_1_145' title='bbox 301 1736 369 1787; x_wconf 87' lang='lat' dir='ltr'>quae</span> <span class='ocrx_word' id='word_1_146' title='bbox 389 1736 418 1772; x_wconf 90' lang='lat' dir='ltr'>se</span> <span class='ocrx_word' id='word_1_147' title='bbox 437 1718 537 1771; x_wconf 89' lang='lat' dir='ltr'>tollunt</span> <span class='ocrx_word' id='word_1_148' title='bbox 555 1718 583 1769; x_wconf 92' lang='lat' dir='ltr'>in</span> <span class='ocrx_word' id='word_1_149' title='bbox 602 1718 709 1771; x_wconf 90' lang='lat' dir='ltr'>luminis</span> <span class='ocrx_word' id='word_1_150' title='bbox 728 1735 795 1780; x_wconf 79' lang='lat' dir='ltr'>oras,</span> 
     </span>
     <span class='ocr_line' id='line_1_23' title="bbox 81 1794 822 1863; baseline -0.003 -16"><span class='ocrx_word' id='word_1_151' title='bbox 81 1794 230 1848; x_wconf 81' lang='lat' dir='ltr'>lnlecunda</span> <span class='ocrx_word' id='word_1_152' title='bbox 248 1795 364 1863; x_wconf 89' lang='lat' dir='ltr'>quidem,</span> <span class='ocrx_word' id='word_1_153' title='bbox 384 1795 432 1848; x_wconf 91' lang='lat' dir='ltr'>scd</span> <span class='ocrx_word' id='word_1_154' title='bbox 451 1795 524 1848; x_wconf 88' lang='lat' dir='ltr'>laeta</span> <span class='ocrx_word' id='word_1_155' title='bbox 543 1797 572 1848; x_wconf 91' lang='lat' dir='ltr'>et</span> <span class='ocrx_word' id='word_1_156' title='bbox 592 1795 674 1848; x_wconf 85' lang='lat' dir='ltr'>fortia</span> <span class='ocrx_word' id='word_1_157' title='bbox 693 1799 822 1862; x_wconf 86' lang='lat' dir='ltr'>surgunt;</span> 
     </span>
     <span class='ocr_line' id='line_1_24' title="bbox 79 1870 933 1938; baseline 0.001 -16"><span class='ocrx_word' id='word_1_158' title='bbox 79 1871 185 1938; x_wconf 73' lang='lat' dir='ltr'>Quippe</span> <span class='ocrx_word' id='word_1_159' title='bbox 198 1871 254 1923; x_wconf 92' lang='lat' dir='ltr'>solo</span> <span class='ocrx_word' id='word_1_160' title='bbox 267 1876 365 1924; x_wconf 89' lang='lat' dir='ltr'>natura</span> <span class='ocrx_word' id='word_1_161' title='bbox 378 1871 478 1924; x_wconf 88' lang='lat' dir='ltr'>subest.</span> <span class='ocrx_word' id='word_1_162' title='bbox 519 1871 621 1924; x_wconf 78' lang='lat' dir='ltr'>Tamen</span> <span class='ocrx_word' id='word_1_163' title='bbox 634 1871 701 1924; x_wconf 89' lang='lat' dir='ltr'>haec</span> <span class='ocrx_word' id='word_1_164' title='bbox 713 1888 827 1938; x_wconf 84' lang='lat' dir='ltr'>quoque,</span> <span class='ocrx_word' id='word_1_165' title='bbox 840 1872 862 1922; x_wconf 87' lang='lat' dir='ltr'>si</span> <span class='ocrx_word' id='word_1_166' title='bbox 875 1870 933 1937; x_wconf 90' lang='lat' dir='ltr'>quis</span> 
     </span>
     <span class='ocr_line' id='line_1_25' title="bbox 80 1946 934 2013; baseline -0.001 -13"><span class='ocrx_word' id='word_1_167' title='bbox 80 1948 196 2013; x_wconf 84' lang='lat' dir='ltr'>luserat,</span> <span class='ocrx_word' id='word_1_168' title='bbox 217 1951 264 1999; x_wconf 91' lang='lat' dir='ltr'>aut</span> <span class='ocrx_word' id='word_1_169' title='bbox 283 1947 421 1999; x_wconf 84' lang='lat' dir='ltr'>scrobibus</span> <span class='ocrx_word' id='word_1_170' title='bbox 440 1946 553 1999; x_wconf 87' lang='lat' dir='ltr'>mandet</span> <span class='ocrx_word' id='word_1_171' title='bbox 571 1954 677 2000; x_wconf 84' lang='lat' dir='ltr'>mutata</span> <span class='ocrx_word' id='word_1_172' title='bbox 695 1947 821 2011; x_wconf 89' lang='lat' dir='ltr'>subactis,</span> <span class='ocrx_word' id='word_1_173' title='bbox 909 1960 934 1999; x_wconf 80' lang='lat'>50</span> 
     </span>
     <span class='ocr_line' id='line_1_26' title="bbox 79 2023 832 2091; baseline -0.003 -15"><span class='ocrx_word' id='word_1_174' title='bbox 79 2023 215 2076; x_wconf 84' lang='lat' dir='ltr'>Exucrint</span> <span class='ocrx_word' id='word_1_175' title='bbox 233 2023 385 2074; x_wconf 76' lang='lat' dir='ltr'>silvestrem</span> <span class='ocrx_word' id='word_1_176' title='bbox 405 2023 531 2086; x_wconf 89' lang='lat' dir='ltr'>animum,</span> <span class='ocrx_word' id='word_1_177' title='bbox 550 2023 678 2091; x_wconf 88' lang='lat' dir='ltr'>cultuque</span> <span class='ocrx_word' id='word_1_178' title='bbox 696 2023 832 2089; x_wconf 79' lang='lat' dir='ltr'>frequenti</span> 
     </span>
     <span class='ocr_line' id='line_1_27' title="bbox 79 2097 862 2165; baseline -0.001 -14"><span class='ocrx_word' id='word_1_179' title='bbox 79 2099 114 2151; x_wconf 91' lang='lat' dir='ltr'>ln</span> <span class='ocrx_word' id='word_1_180' title='bbox 134 2113 317 2165; x_wconf 90' lang='lat' dir='ltr'>quascumque</span> <span class='ocrx_word' id='word_1_181' title='bbox 336 2113 414 2149; x_wconf 83' lang='lat' dir='ltr'>voces</span> <span class='ocrx_word' id='word_1_182' title='bbox 433 2098 500 2149; x_wconf 87' lang='lat' dir='ltr'>artis</span> <span class='ocrx_word' id='word_1_183' title='bbox 518 2097 592 2149; x_wconf 88' lang='lat' dir='ltr'>haud</span> <span class='ocrx_word' id='word_1_184' title='bbox 610 2098 690 2149; x_wconf 89' lang='lat' dir='ltr'>tarda</span> <span class='ocrx_word' id='word_1_185' title='bbox 709 2102 862 2164; x_wconf 87' lang='lat' dir='ltr'>sequentur.</span> 
     </span>
    </p>

    <p class='ocr_par' dir='ltr' id='par_1_15' title="bbox 78 2172 831 2240">
     <span class='ocr_line' id='line_1_28' title="bbox 78 2172 831 2240; baseline -0.004 -13"><span class='ocrx_word' id='word_1_186' title='bbox 78 2175 105 2227; x_wconf 90' lang='lat' dir='ltr'>N</span> <span class='ocrx_word' id='word_1_187' title='bbox 108 2191 138 2227; x_wconf 89' lang='lat' dir='ltr'>ee</span> <span class='ocrx_word' id='word_1_188' title='bbox 157 2190 209 2224; x_wconf 93' lang='lat' dir='ltr'>non</span> <span class='ocrx_word' id='word_1_189' title='bbox 229 2177 257 2225; x_wconf 90' lang='lat' dir='ltr'>et</span> <span class='ocrx_word' id='word_1_190' title='bbox 275 2173 382 2239; x_wconf 86' lang='lat' dir='ltr'>sterilis,</span> <span class='ocrx_word' id='word_1_191' title='bbox 401 2190 470 2240; x_wconf 89' lang='lat' dir='ltr'>quae</span> <span class='ocrx_word' id='word_1_192' title='bbox 490 2172 620 2240; x_wconf 83' lang='lat' dir='ltr'>stirpibus</span> <span class='ocrx_word' id='word_1_193' title='bbox 638 2174 695 2226; x_wconf 88' lang='lat' dir='ltr'>exit</span> <span class='ocrx_word' id='word_1_194' title='bbox 712 2173 746 2225; x_wconf 89' lang='lat' dir='ltr'>ab</span> <span class='ocrx_word' id='word_1_195' title='bbox 763 2174 831 2238; x_wconf 89' lang='lat' dir='ltr'>imis,</span> 
     </span>
    </p>

    <p class='ocr_par' dir='ltr' id='par_1_16' title="bbox 80 2249 802 2316">
     <span class='ocr_line' id='line_1_29' title="bbox 80 2249 802 2316; baseline -0.001 -13"><span class='ocrx_word' id='word_1_196' title='bbox 80 2250 141 2303; x_wconf 90' lang='lat' dir='ltr'>lloc</span> <span class='ocrx_word' id='word_1_197' title='bbox 158 2249 246 2315; x_wconf 87' lang='lat' dir='ltr'>faciet,</span> <span class='ocrx_word' id='word_1_198' title='bbox 266 2265 364 2302; x_wconf 79' lang='lat' dir='ltr'>vacuos</span> <span class='ocrx_word' id='word_1_199' title='bbox 383 2250 404 2301; x_wconf 92' lang='lat' dir='ltr'>si</span> <span class='ocrx_word' id='word_1_200' title='bbox 424 2249 459 2302; x_wconf 88' lang='lat' dir='ltr'>sit</span> <span class='ocrx_word' id='word_1_201' title='bbox 478 2249 585 2315; x_wconf 88' lang='lat' dir='ltr'>digesta</span> <span class='ocrx_word' id='word_1_202' title='bbox 603 2267 653 2316; x_wconf 88' lang='lat' dir='ltr'>per</span> <span class='ocrx_word' id='word_1_203' title='bbox 672 2266 768 2316; x_wconf 87' lang='lat' dir='ltr'>agros;</span> <span class='ocrx_word' id='word_1_204' title='bbox 797 2271 802 2279; x_wconf 90' lang='lat'><strong>·</strong></span> 
     </span>
    </p>

    <p class='ocr_par' dir='ltr' id='par_1_17' title="bbox 80 2326 935 2470">
     <span class='ocr_line' id='line_1_30' title="bbox 80 2326 935 2394; baseline 0 -14"><span class='ocrx_word' id='word_1_205' title='bbox 80 2327 103 2380; x_wconf 84' lang='lat' dir='ltr'>N</span> <span class='ocrx_word' id='word_1_206' title='bbox 108 2343 159 2380; x_wconf 86' lang='lat' dir='ltr'>unc</span> <span class='ocrx_word' id='word_1_207' title='bbox 178 2326 250 2380; x_wconf 88' lang='lat' dir='ltr'>altae</span> <span class='ocrx_word' id='word_1_208' title='bbox 269 2326 378 2379; x_wconf 87' lang='lat' dir='ltr'>frondes</span> <span class='ocrx_word' id='word_1_209' title='bbox 397 2330 425 2378; x_wconf 93' lang='lat' dir='ltr'>ct</span> <span class='ocrx_word' id='word_1_210' title='bbox 443 2326 511 2378; x_wconf 89' lang='lat' dir='ltr'>rami</span> <span class='ocrx_word' id='word_1_211' title='bbox 530 2327 625 2379; x_wconf 89' lang='lat' dir='ltr'>matris</span> <span class='ocrx_word' id='word_1_212' title='bbox 643 2330 765 2394; x_wconf 84' lang='lat' dir='ltr'>opacant,</span> <span class='ocrx_word' id='word_1_213' title='bbox 912 2342 935 2380; x_wconf 85' lang='lat' dir='ltr'>ss</span> 
     </span>
     <span class='ocr_line' id='line_1_31' title="bbox 81 2402 831 2470; baseline -0.001 -13"><span class='ocrx_word' id='word_1_214' title='bbox 81 2405 275 2470; x_wconf 69' lang='lat' dir='ltr'>arescentique</span> <span class='ocrx_word' id='word_1_215' title='bbox 294 2402 419 2454; x_wconf 90' lang='lat' dir='ltr'>adimunt</span> <span class='ocrx_word' id='word_1_216' title='bbox 438 2403 518 2466; x_wconf 85' lang='lat' dir='ltr'>fetus,</span> <span class='ocrx_word' id='word_1_217' title='bbox 537 2407 673 2470; x_wconf 91' lang='lat' dir='ltr'>uruntque</span> <span class='ocrx_word' id='word_1_218' title='bbox 690 2403 831 2456; x_wconf 86' lang='lat' dir='ltr'>ferentem.</span> 
     </span>
    </p>

    <p class='ocr_par' dir='ltr' id='par_1_18' title="bbox 80 2477 779 2546">
     <span class='ocr_line' id='line_1_32' title="bbox 80 2477 779 2546; baseline -0.001 -14"><span class='ocrx_word' id='word_1_219' title='bbox 80 2480 148 2544; x_wconf 82' lang='lat' dir='ltr'>laur,</span> <span class='ocrx_word' id='word_1_220' title='bbox 167 2496 237 2546; x_wconf 88' lang='lat' dir='ltr'>quac</span> <span class='ocrx_word' id='word_1_221' title='bbox 257 2477 404 2531; x_wconf 86' lang='lat' dir='ltr'>seminibus</span> <span class='ocrx_word' id='word_1_222' title='bbox 422 2478 498 2530; x_wconf 87' lang='lat' dir='ltr'>iactis</span> <span class='ocrx_word' id='word_1_223' title='bbox 517 2495 546 2530; x_wconf 90' lang='lat' dir='ltr'>se</span> <span class='ocrx_word' id='word_1_224' title='bbox 565 2479 674 2531; x_wconf 90' lang='lat' dir='ltr'>sustulit</span> <span class='ocrx_word' id='word_1_225' title='bbox 691 2478 779 2546; x_wconf 77' lang='lat' dir='ltr'>arboS,</span> 
     </span>
    </p>

    <p class='ocr_par' dir='ltr' id='par_1_19' title="bbox 80 2554 790 2699">
     <span class='ocr_line' id='line_1_33' title="bbox 80 2554 790 2621; baseline 0.001 -14"><span class='ocrx_word' id='word_1_226' title='bbox 80 2555 170 2607; x_wconf 81' lang='lat' dir='ltr'>&#39;l&#39;arda</span> <span class='ocrx_word' id='word_1_227' title='bbox 188 2555 267 2617; x_wconf 81' lang='lat' dir='ltr'>verrit,</span> <span class='ocrx_word' id='word_1_228' title='bbox 288 2555 355 2607; x_wconf 87' lang='lat' dir='ltr'>seris</span> <span class='ocrx_word' id='word_1_229' title='bbox 373 2554 479 2606; x_wconf 88' lang='lat' dir='ltr'>factura</span> <span class='ocrx_word' id='word_1_230' title='bbox 497 2555 642 2621; x_wconf 87' lang='lat' dir='ltr'>nepotibus</span> <span class='ocrx_word' id='word_1_231' title='bbox 658 2555 790 2621; x_wconf 81' lang='lat' dir='ltr'>runbram,</span> 
     </span>
     <span class='ocr_line' id='line_1_34' title="bbox 81 2630 737 2699; baseline 0 -15"><span class='ocrx_word' id='word_1_232' title='bbox 81 2631 219 2698; x_wconf 85' lang='lat' dir='ltr'>Pomaque</span> <span class='ocrx_word' id='word_1_233' title='bbox 239 2632 409 2697; x_wconf 86' lang='lat' dir='ltr'>degenerant</span> <span class='ocrx_word' id='word_1_234' title='bbox 428 2647 505 2689; x_wconf 88' lang='lat' dir='ltr'>sucos</span> <span class='ocrx_word' id='word_1_235' title='bbox 524 2630 609 2683; x_wconf 87' lang='lat' dir='ltr'>oblita</span> <span class='ocrx_word' id='word_1_236' title='bbox 627 2631 737 2699; x_wconf 85' lang='lat' dir='ltr'>priores,</span> 
     </span>
    </p>

    <p class='ocr_par' dir='ltr' id='par_1_20' title="bbox 81 2706 934 2780">
     <span class='ocr_line' id='line_1_35' title="bbox 81 2706 934 2780; baseline -0.004 -20"><span class='ocrx_word' id='word_1_237' title='bbox 81 2707 119 2760; x_wconf 87' lang='lat' dir='ltr'>Et</span> <span class='ocrx_word' id='word_1_238' title='bbox 136 2708 224 2774; x_wconf 90' lang='lat' dir='ltr'>turpis</span> <span class='ocrx_word' id='word_1_239' title='bbox 241 2707 334 2759; x_wconf 84' lang='lat' dir='ltr'>avibus</span> <span class='ocrx_word' id='word_1_240' title='bbox 354 2706 483 2773; x_wconf 88' lang='lat' dir='ltr'>praedam</span> <span class='ocrx_word' id='word_1_241' title='bbox 502 2707 625 2759; x_wconf 82' lang='lat' dir='ltr'>fertura</span> <span class='ocrx_word' id='word_1_242' title='bbox 643 2724 770 2780; x_wconf 82' lang='lat' dir='ltr'>racemos.</span> <span class='ocrx_word' id='word_1_243' title='bbox 910 2720 934 2758; x_wconf 76' lang='lat' dir='ltr'>o]</span> 
     </span>
    </p>

    <p class='ocr_par' dir='ltr' id='par_1_21' title="bbox 81 2781 934 3230">
     <span class='ocr_line' id='line_1_36' title="bbox 116 2781 892 2850; baseline -0.003 -14"><span class='ocrx_word' id='word_1_244' title='bbox 116 2782 222 2836; x_wconf 82' lang='lat' dir='ltr'>Scilicet</span> <span class='ocrx_word' id='word_1_245' title='bbox 241 2783 364 2835; x_wconf 87' lang='lat' dir='ltr'>onmibus</span> <span class='ocrx_word' id='word_1_246' title='bbox 383 2787 425 2834; x_wconf 88' lang='lat' dir='ltr'>est</span> <span class='ocrx_word' id='word_1_247' title='bbox 444 2781 521 2834; x_wconf 88' lang='lat' dir='ltr'>labor</span> <span class='ocrx_word' id='word_1_248' title='bbox 538 2783 734 2850; x_wconf 73' lang='lat' dir='ltr'>inpendendus</span> <span class='ocrx_word' id='word_1_249' title='bbox 754 2789 782 2837; x_wconf 90' lang='lat' dir='ltr'>et</span> <span class='ocrx_word' id='word_1_250' title='bbox 800 2798 892 2834; x_wconf 89' lang='lat' dir='ltr'>omnes</span> 
     </span>
     <span class='ocr_line' id='line_1_37' title="bbox 82 2858 875 2927; baseline -0.004 -14"><span class='ocrx_word' id='word_1_251' title='bbox 82 2859 226 2927; x_wconf 81' lang='lat' dir='ltr'>Cogendae</span> <span class='ocrx_word' id='word_1_252' title='bbox 244 2860 271 2911; x_wconf 91' lang='lat' dir='ltr'>in</span> <span class='ocrx_word' id='word_1_253' title='bbox 290 2861 401 2925; x_wconf 93' lang='lat' dir='ltr'>sulcum,</span> <span class='ocrx_word' id='word_1_254' title='bbox 419 2874 451 2910; x_wconf 88' lang='lat' dir='ltr'>ac</span> <span class='ocrx_word' id='word_1_255' title='bbox 469 2859 555 2912; x_wconf 88' lang='lat' dir='ltr'>multa</span> <span class='ocrx_word' id='word_1_256' title='bbox 574 2860 698 2912; x_wconf 88' lang='lat' dir='ltr'>mercede</span> <span class='ocrx_word' id='word_1_257' title='bbox 717 2858 875 2911; x_wconf 88' lang='lat' dir='ltr'>domandae.</span> 
     </span>
     <span class='ocr_line' id='line_1_38' title="bbox 81 2935 726 3004; baseline -0.002 -15"><span class='ocrx_word' id='word_1_258' title='bbox 81 2935 137 2989; x_wconf 83' lang='lat' dir='ltr'>Sed</span> <span class='ocrx_word' id='word_1_259' title='bbox 155 2936 257 2988; x_wconf 91' lang='lat' dir='ltr'>truncis</span> <span class='ocrx_word' id='word_1_260' title='bbox 276 2935 350 2999; x_wconf 87' lang='lat' dir='ltr'>oleae</span> <span class='ocrx_word' id='word_1_261' title='bbox 370 2935 472 3001; x_wconf 79' lang='lat' dir='ltr'>melina,</span> <span class='ocrx_word' id='word_1_262' title='bbox 492 2937 638 3004; x_wconf 85' lang='lat' dir='ltr'>propagine</span> <span class='ocrx_word' id='word_1_263' title='bbox 657 2937 726 2988; x_wconf 87' lang='lat' dir='ltr'>vites</span> 
     </span>
     <span class='ocr_line' id='line_1_39' title="bbox 82 3011 820 3079; baseline -0.003 -15"><span class='ocrx_word' id='word_1_264' title='bbox 82 3011 269 3079; x_wconf 82' lang='lat' dir='ltr'>Respondent,</span> <span class='ocrx_word' id='word_1_265' title='bbox 289 3011 373 3063; x_wconf 93' lang='lat' dir='ltr'>solido</span> <span class='ocrx_word' id='word_1_266' title='bbox 394 3012 513 3078; x_wconf 90' lang='lat' dir='ltr'>Paphiae</span> <span class='ocrx_word' id='word_1_267' title='bbox 531 3013 566 3065; x_wconf 90' lang='lat' dir='ltr'>de</span> <span class='ocrx_word' id='word_1_268' title='bbox 585 3012 682 3065; x_wconf 88' lang='lat' dir='ltr'>robore</span> <span class='ocrx_word' id='word_1_269' title='bbox 701 3014 820 3077; x_wconf 88' lang='lat' dir='ltr'>myrtus;</span> 
     </span>
     <span class='ocr_line' id='line_1_40' title="bbox 81 3085 934 3154; baseline -0.001 -14"><span class='ocrx_word' id='word_1_270' title='bbox 81 3085 186 3140; x_wconf 88' lang='lat' dir='ltr'>Plantis</span> <span class='ocrx_word' id='word_1_271' title='bbox 203 3090 232 3140; x_wconf 87' lang='lat' dir='ltr'>et</span> <span class='ocrx_word' id='word_1_272' title='bbox 250 3087 335 3139; x_wconf 88' lang='lat' dir='ltr'>durae</span> <span class='ocrx_word' id='word_1_273' title='bbox 354 3087 435 3154; x_wconf 70' lang='lat' dir='ltr'>coryli</span> <span class='ocrx_word' id='word_1_274' title='bbox 454 3092 609 3153; x_wconf 89' lang='lat' dir='ltr'>nascuntur,</span> <span class='ocrx_word' id='word_1_275' title='bbox 629 3091 657 3140; x_wconf 89' lang='lat' dir='ltr'>ot</span> <span class='ocrx_word' id='word_1_276' title='bbox 675 3088 769 3153; x_wconf 90' lang='lat' dir='ltr'>ingens</span> <span class='ocrx_word' id='word_1_277' title='bbox 913 3099 934 3139; x_wconf 77' lang='lat' dir='ltr'>es</span> 
     </span>
     <span class='ocr_line' id='line_1_41' title="bbox 81 3161 830 3230; baseline 0.001 -15"><span class='ocrx_word' id='word_1_278' title='bbox 81 3161 224 3227; x_wconf 82' lang='lat' dir='ltr'>Fraxinus,</span> <span class='ocrx_word' id='word_1_279' title='bbox 243 3162 448 3230; x_wconf 87' lang='lat' dir='ltr'>Herculeaeque</span> <span class='ocrx_word' id='word_1_280' title='bbox 467 3163 547 3216; x_wconf 88' lang='lat' dir='ltr'>arbos</span> <span class='ocrx_word' id='word_1_281' title='bbox 564 3163 693 3216; x_wconf 87' lang='lat' dir='ltr'>umbrosa</span> <span class='ocrx_word' id='word_1_282' title='bbox 710 3177 830 3230; x_wconf 86' lang='lat' dir='ltr'>coronae,</span> 
     </span>
    </p>
   </div>
   <div class='ocr_carea' id='block_1_3' title="bbox 0 0 1020 3524">
    <p class='ocr_par' dir='ltr' id='par_1_22' title="bbox 0 0 1020 3524">
     <span class='ocr_line' id='line_1_42' title="bbox 0 0 1020 3524; baseline 0 0"><span class='ocrx_word' id='word_1_283' title='bbox 0 0 1020 3524; x_wconf 95' lang='lat' dir='ltr'> </span> 
     </span>
    </p>
   </div>
  </div>
 </body>
</html>
