2032 3524
92 102 121 145 34
318 98 348 146 P.
367 96 519 145 VERGILI
538 95 705 145 MARONIS

91 177 127 230 Et
146 176 202 229 sola
219 177 247 229 in
265 176 335 230 sicca
353 192 444 229 seeum
462 176 599 244 spatiatur
616 190 705 228 arona

90 255 132 307 No
150 257 283 307 nocturna
301 253 411 322 quidem
430 256 574 320 carpentes
592 268 675 320 pensa
694 250 800 320 puellae
913 268 953 310 mo

89 332 235 384 Nescivere
255 329 380 395 hiemem,
400 332 473 382 tosta
492 346 553 382 eum
574 328 690 381 ardente
707 327 833 385 viderent

89 407 240 461 Scintillere
260 405 349 458 oleum
368 409 397 459 et
415 406 503 474 putris
522 421 697 459 concrescere
714 405 818 473 fungos

123 485 148 536 N
151 499 181 536 oe
199 483 287 536 minus
306 497 340 535 cx
359 481 440 535 imbri
460 482 530 535 soles
550 485 579 535 et
597 485 694 551 aperta
711 499 809 536 serena

89 561 246 628 Prospicero
267 563 296 612 et
314 559 397 612 certis
416 559 520 628 poteris
539 575 701 626 cognoscere
719 559 813 626 siguis:

88 638 158 690 Nam
178 653 266 704 neque
285 639 344 690 turn
363 635 448 689 stellis
467 637 537 688 acies
555 634 672 689 obtunsa
689 634 805 702 videtur,
911 655 947 697 sas

88 715 145 767 Nee
164 713 256 766 fratris
276 712 359 766 radiis
376 711 493 765 obnoxia
511 728 622 779 surgere
641 710 725 778 Luna,

88 791 188 843 Tenuia
208 806 258 842 nec
275 790 354 842 lanae
372 805 421 856 per
439 789 543 842 caelum
562 787 663 842 vellera
681 788 760 851 femi;

88 866 148 918 Non
168 861 292 934 ¹tepidum
311 865 347 918 ad
365 864 450 919 solem
469 881 572 933 parmas
589 865 616 918 in
636 864 716 918 litore
733 863 857 932 pandunt

87 942 209 996 Dilectae
229 941 338 995 Thetidi
355 942 487 1009 alcyones,
506 958 558 994 non
577 958 625 994 ore
643 940 745 994 solutos

88 1017 214 1071 inmundi
233 1019 381 1072 meminere
400 1034 462 1071 sues
480 1017 582 1071 iactare
600 1016 738 1085 maniplos
909 1032 947 1071 sorr

88 1096 127 1147 At
145 1095 259 1148 nebulae
279 1095 365 1162 magis
382 1095 436 1147 ima
453 1097 554 1163 petunt
572 1110 721 1163 campoque
738 1092 909 1160 recumbunt,

86 1171 154 1224 Solis
172 1175 201 1224 et
220 1187 343 1224 occasum
363 1188 473 1224 servans
492 1169 527 1223 de
545 1170 660 1223 culmine
678 1184 782 1222 summo

86 1247 259 1315 Nequiquam
279 1263 353 1299 seros
373 1250 484 1299 exercet
502 1250 601 1298 noctua
620 1249 721 1299 11111118,

89 1322 212 1390 Adparet
229 1321 334 1390 liquido
354 1321 475 1375 sublimis
494 1323 521 1375 in
539 1338 602 1375 aere
622 1321 711 1386 Nisus,

86 1398 121 1450 111
138 1415 188 1465 pro
208 1413 345 1465 purpureo
365 1413 465 1465 poenas
484 1397 533 1450 dat
552 1395 770 1464 Scyllacapi1103
905 1412 945 1453 eoa

85 1475 260 1540 Quacumque
279 1472 324 1525 illa
343 1472 430 1525 levem
449 1472 557 1540 fugiens
576 1477 650 1526 secat
668 1471 779 1524 aethera
794 1472 899 1540 pennis,

84 1550 153 1602 Nece
171 1549 301 1614 inimicus,
321 1552 407 1615 1111011,
425 1565 523 1616 magno
543 1550 661 1602 stridere
679 1565 728 1617 por
746 1564 825 1601 auras

85 1624 243 1693 insequitur
263 1623 361 1690 Nisus3
386 1643 440 1694 qun
459 1642 487 1679 se
507 1626 561 1679 lert
580 1626 662 1678 Nisus
681 1625 717 1678 ad
735 1640 822 1691 auras,

85 1700 135 1753 llla
152 1701 239 1754 levem
258 1701 364 1768 fugiens
383 1703 482 1769 raptim
502 1706 576 1754 secat
595 1701 708 1755 aethera
725 1700 828 1770 pennis.

82 1776 148 1829 'lum
168 1776 284 1845 liquidas
304 1778 377 1830 corii
396 1793 490 1845 presso
510 1781 553 1830 ter
570 1780 683 1844 gutture
701 1793 779 1830 voces
904 1791 943 1832 410

83 1855 141 1905 Aut
160 1858 257 1920 quater
276 1853 451 1920 ingeminant,
470 1859 499 1908 et
518 1870 599 1922 saepe
617 1853 751 1906 cubilibus
768 1851 837 1918 eltis,

82 1929 179 1982 Nescio
199 1946 252 1996 qua
270 1933 380 1997 praeter
400 1930 509 1984 solitum
528 1927 672 1983 dulcedine
691 1929 763 1995 laeti,

83 2005 160 2058 Inter
178 2022 207 2058 sc
225 2006 251 2058 in
272 2007 341 2058 loliis
361 2009 523 2075 strepitant;
548 2007 624 2059 iuvat
641 2006 773 2059 imbribus
790 2002 859 2057 actis

82 2081 242 2148 Progeniem
261 2098 372 2149 parvam
392 2083 532 2153 dulcisque
550 2084 668 2137 revisere
687 2083 779 2144 nid0s;

82 2157 173 2222 Haud,
192 2157 320 2226 equidem
340 2158 430 2225 credo,
449 2161 512 2228 quia
531 2161 567 2213 sit
585 2159 712 2212 divinitus
729 2158 781 2211 illis
901 2178 941 2218 aa

82 2232 225 2301 Ingenium
243 2238 290 2286 ant
309 2251 401 2287 rerum
420 2234 476 2287 fato
496 2235 643 2302 prudentia
661 2236 761 2297 rrrai0r;

82 2310 191 2375 Verum,
211 2310 257 2362 ubi
275 2313 425 2377 tempestas
444 2316 472 2363 et
490 2310 555 2362 caeli
575 2310 681 2361 mobilis
698 2309 795 2361 humor

80 2385 222 2439 Mutavere
243 2387 299 2438 vias
318 2389 347 2438 et
367 2385 492 2452 Iuppiter
510 2384 607 2436 uvidus
626 2385 725 2436 austris

80 2461 190 2528 Denset‚
209 2465 288 2514 erant
307 2477 377 2529 quae
392 2476 453 2512 rara
468 2459 557 2525 modo,
572 2462 609 2525 et,
626 2475 695 2526 quae
712 2459 803 2525 densa,
819 2464 923 2523 relaxat

80 2536 234 2589 Vcrtnntur
254 2538 357 2604 species
374 2537 532 2603 animorum,
551 2539 580 2589 et
597 2538 709 2603 pectora
728 2541 817 2590 motus
898 2561 914 2594 a:

79 2613 104 2664 N
107 2631 158 2666 unc
176 2614 248 2678 alios,
269 2613 342 2680 alios,
361 2613 426 2665 duni
445 2611 538 2665 nubila
556 2615 655 2664 ventus
673 2613 780 2680 agebat,

79 2689 253 2758 concipiunt:
277 2689 338 2742 hinc
356 2689 401 2742 ille
419 2690 508 2742 avium
528 2692 673 2742 concentus
691 2689 718 2741 in
736 2691 815 2756 agris,

80 2765 115 2817 Et
133 2766 220 2818 laetae
238 2765 363 2833 pecudes,
383 2768 412 2820 et
430 2770 542 2820 ovantes
560 2768 673 2831 gutture
691 2768 769 2820 corvi.

113 2842 141 2893 Si
159 2857 224 2894 vero
243 2841 328 2894 solem
347 2841 383 2895 ad
400 2842 524 2911 rapidum
543 2842 674 2911 lunasque
693 2845 830 2911 sequentis

78 2916 180 2971 Ordine
198 2917 334 2986 respicies,
353 2936 500 2988 numquam
518 2924 548 2975 te
565 2923 682 2975 crastina
700 2922 775 2975 fallet
893 2939 931 2978 sm

81 2993 162 3060 liora,
181 3011 269 3063 neque
286 2994 390 3048 insidiis
407 2997 493 3050 noctis
511 2999 616 3065 capiere
635 3016 751 3052 serenae.

79 3068 161 3133 Luna,
180 3071 343 3123 revertentis
361 3090 421 3125 erun
439 3075 556 3140 primunr
576 3073 676 3140 colligit
694 3075 769 3141 ignia,

78 3143 105 3195 si
123 3146 230 3210 nigrum
249 3145 363 3197 obscuro
381 3149 572 3216 conprenderit
591 3167 653 3202 acra
671 3168 759 3213 cornu,
837 3161 839 3166 ’
