2034 3944
209 131 255 174 §3130
439 122 467 170 P.
490 121 641 169 vanem
658 120 827 171 nnnoms

209 206 359 257 'l'ransiossi
379 204 451 269 ligno
470 202 589 256 veniunt.
626 202 681 257 Vix
701 220 770 256 unns
790 205 914 261 Helm·
997 252 1005 275 ·.

211 285 245 334 lla
266 283 352 348 Lycus
371 281 469 347 elapsi,
496 296 610 347 qumum
630 281 785 347 primaevus
806 280 938 351 Helm,

210 358 332 409 llaconio
353 358 410 422 regi
430 372 511 424 quem
529 371 608 408 serva
627 355 766 423 Licymnia
783 355 879 411 furtim

209 434 364 486 Sustulcrat
382 431 531 500 vetitisque
549 430 586 484 ad
604 430 712 484 Troiam
729 431 842 485 miserat
859 428 951 500 armis,

209 511 280 561 llnsc
300 508 366 560 leris
385 506 459 560 nudo
478 524 628 576 pennaque
646 506 777 575 inglorius
794 506 862 560 alba

209 587 293 653 leque
311 585 359 638 ubi
377 602 407 637 se
426 585 510 637 Turni
528 584 620 638 media
638 583 712 639 inter
730 583 805 637 milia
822 582 898 651 vidit,

211 663 281 714 lline
300 662 371 715 acies
390 665 474 730 alque
493 661 557 715 hinc
574 661 645 714 acies
662 659 773 714 adstare
791 659 917 714 manas:

209 738 248 789 lft
266 738 330 802 fera„
350 755 428 806 quae,
446 737 532 791 densa
547 741 694 792 venantum
712 739 808 805 saepta
825 751 930 803 corona,

209 815 310 865 Contra
330 813 384 865 tela
402 813 476 880 furit,
495 829 610 881 seseque
626 812 701 866 haud
718 813 811 865 nescia
827 811 910 865 morti

210 890 301 941 lniicit
319 892 348 942 et
367 889 440 942 saltn
457 905 540 958 snpra
556 888 689 943 venabula
706 888 803 956 fertur,

211 966 235 1015 ll
238 966 291 1017 :uul
311 965 391 1019 aliter
408 966 513 1019 iuvenis
531 964 636 1019 medios
654 965 803 1019 moriturus
820 963 849 1017 in
866 963 953 1018 hostis

212 1042 306 1106 inruit,
326 1046 362 1108 et,
381 1059 435 1110 qna
452 1040 508 1095 tela
525 1040 602 1095 videt
619 1040 788 1108 densissima,
805 1039 904 1095 tendit

210 1120 248 1169 ‚lt
265 1118 382 1185 pedibus
400 1118 481 1185 longe
498 1117 596 1171 melior
613 1117 701 1185 Lycus
719 1116 793 1171 inter
809 1120 839 1170 et
855 1116 943 1171 hostis

209 1193 286 1245 Inter
304 1197 333 1247 ct
351 1211 426 1247 arma
443 1194 509 1263 fuga
526 1209 618 1247 muros
634 1195 720 1260 tenet,
737 1192 849 1261 altaqne
866 1196 956 1248 certat

208 1266 347 1322 Prendcre
365 1273 441 1324 tecta
457 1286 540 1323 mann
557 1268 715 1338 sociumque
732 1267 870 1336 attingere
889 1268 1012 1325 dextras.

208 1344 295 1408 Quom
313 1347 428 1412 Turnus,
446 1346 551 1414 pariter
568 1360 651 1400 cursu
667 1343 779 1413 teloque
797 1347 914 1413 secutus,

207 1421 337 1498 lnprcpat
355 1421 398 1473 his
416 1421 516 1476 vietor:
542 1420 694 1475 Nostraene
712 1419 838 1488 evadere,
856 1419 975 1487 demens,

206 1498 330 1565 Sperasti
348 1503 377 1550 te
395 1513 475 1565 posse
492 1498 605 1552 manuel
629 1497 710 1550 simul
726 1495 825 1564 arripit
841 1496 931 1565 ipsum

207 1573 385 1637 Pendentem,
405 1576 433 1627 et
450 1589 548 1641 magna
564 1572 636 1625 muri
653 1588 715 1626 cum
732 1575 812 1641 purte
829 1571 950 1627 revellit:

208 1649 304 1713 Qualis
321 1648 368 1700 ubi
387 1652 435 1702 aut
452 1647 572 1717 leporem
591 1651 639 1701 aut
656 1647 784 1702 candenti
801 1663 915 1716 corpere
931 1663 1008 1717 oyen

207 1725 324 1778 Sustulit
343 1725 398 1777 alta
415 1727 513 1793 petens
530 1723 647 1792 pedibus
665 1723 739 1777 Iovis
757 1723 876 1791 armiger
892 1723 977 1789 unda

206 1801 365 1864 Quaesitum
384 1804 432 1854 aut
449 1799 531 1854 matri
548 1799 643 1854 multis
660 1799 797 1853 balatibus
814 1815 913 1868 agnum

206 1875 322 1928 Martius
341 1893 357 1928 a
376 1876 491 1931 stabulis
508 1875 600 1943 rapuit
617 1876 704 1944 lupus.
734 1873 865 1944 Undique
881 1875 984 1931 clamor

206 1951 335 2017 'l'ollitur3
359 1951 492 2006 invadunt
509 1957 537 2006 et
555 1953 640 2005 fossas
654 1967 754 2019 aggere
772 1951 913 2019 conplent3

208 2028 338 2082 Ardentis
356 2031 452 2082 taedas
470 2029 516 2082 alii
535 2029 570 2082 ad
587 2028 698 2094 fastigia
715 2027 823 2081 iactant

208 2105 325 2158 llioneus
343 2123 408 2158 saxo
424 2111 507 2174 atque
525 2104 629 2172 ingenti
647 2102 779 2169 fragmine
797 2103 896 2157 montis

206 2179 353 2245 Lucetium,
372 2187 467 2249 portae
486 2180 649 2233 subeuntem
667 2178 791 2245 ignisque
805 2179 946 2245 ferentem,

207 2256 367 2309 Emathiona
386 2258 475 2324 Liger,
496 2256 664 2322 Corynaeum
685 2254 783 2306 sternit
804 2254 901 2322 Asilas,

207 2331 258 2383 llic
276 2332 362 2384 iaculo
380 2333 474 2398 bonus,
493 2331 537 2382 hie
554 2331 634 2397 longe
652 2330 764 2382 fallente
783 2331 896 2397 sagitta;

205 2406 346 2473 Ortygium
366 2409 496 2472 Caeneus,
515 2405 646 2458 victorem
665 2406 772 2458 Caenea
790 2406 902 2470 Tamna,

204 2481 311 2533 Turnus
331 2483 403 2548 Itym
423 2481 609 2548 Cloniumque,
628 2481 795 2548 Dioxippum
814 2480 1017 2550 Promolumqu

205 2557 240 2608 Ilt
255 2557 377 2623 Sagarim
391 2562 419 2610 ct
432 2557 543 2609 summis
560 2561 678 2610 stantem
691 2573 740 2624 pro
753 2556 875 2609 turribus
888 2555 972 2622 Idan;

206 2633 363 2686 Privernum
384 2634 477 2700 Capys.
515 2633 597 2685 Hunc
614 2635 701 2700 primo
720 2633 787 2684 levis
804 2632 883 2685 hasta
901 2633 1016 2686 Themill

203 2708 370 2762 strinxerat:
397 2710 442 2761 ille
461 2726 571 2761 manum
589 2711 711 2776 proiecto
730 2710 850 2775 tegmine
868 2709 982 2762 demens

203 2784 250 2838 Ad
268 2784 363 2836 volnus
381 2785 459 2848 tulit;
484 2801 549 2851 crgo
568 2783 617 2836 alis
637 2785 749 2851 adlapsa
767 2785 868 2852 sagitta

203 2859 332 2914 ullasve
351 2860 441 2912 adfixa
460 2864 502 2913 est
520 2860 599 2912 lateri
617 2877 720 2927 manus,
739 2859 888 2927 abditaque
905 2860 978 2914 intus

191 2935 374 3005 ,spiramenta
391 2935 497 2988 animae
515 2935 590 2989 letali
609 2935 717 2987 volnere
735 2935 817 3003 rupit.

202 3011 299 3066 Stabat
316 3013 344 3064 in
363 3011 480 3076 egregiis
500 3009 630 3064 Arcentis
648 3010 719 3063 filius
737 3010 826 3077 armis,

204 3087 296 3140 l'ietus
314 3103 363 3140 aen
382 3085 550 3153 chlamydem
569 3087 598 3137 ct
617 3085 754 3153 ferrugine
772 3086 861 3138 clarus
880 3085 994 3155 Hibera,

203 3161 321 3230 Insignis
338 3161 414 3225 facie,
432 3163 539 3226 genitor
556 3176 639 3217 flerem
656 3163 768 3218 miserat
786 3166 898 3228 Arcena,
