2032 3524
84 127 115 173 80
317 124 347 175 Ρ.
365 124 518 173 VERGILI
538 122 707 173 Msaoms

85 205 144 269 Quo
163 204 230 257 lietu
248 204 344 269 Manis,
363 220 417 273 qua
435 203 555 257 Numina
572 219 637 257 yoee
653 205 795 259 movereti
903 216 946 258 κ

85 282 137 335 Illa
156 280 268 349 ‹piidem
286 281 382 349 Stygia
400 281 484 333 nabat
504 280 557 332 iam
575 279 677 347 frigida
694 279 799 347 cymba.

85 358 196 426 Septem
215 356 291 409 illum
309 361 385 410 totns
402 356 547 424 perbibent
565 373 598 409 cx
618 355 715 409 ordine
731 371 842 411 menses

85 436 164 501 Rupe
182 432 232 486 sub
251 434 325 486 aeria
344 433 448 486 deserti
468 432 504 485 ad
523 433 674 499 Etrysnenis
692 432 793 485 undam

86 512 211 577 Elevisse,
230 515 259 563 et
277 509 378 577 gelidis
395 509 463 562 bace
482 508 614 562 evolvisse
632 507 683 561 sub
701 508 794 575 imtris,

85 587 251 639 Mulcentem
268 586 351 653 tigris
368 589 396 639 et
415 588 542 653 agentem
560 585 680 637 ommino
697 600 829 653 quercus;
904 596 945 639 sis

85 663 176 727 Qualis
194 661 311 730 populea
329 678 454 714 rainerens
471 660 618 730 philomela
635 658 687 714 sub
704 660 804 714 tiinrbra

86 739 208 790 Andanis
227 738 352 806 queritur
370 738 452 803 ictus,
470 754 539 804 quos
556 736 642 789 dunis
658 746 751 789 arator

85 814 240 866 (lbscrvans
257 812 321 865 nido
339 813 471 881 inplurnis
486 812 623 875 detraxit3
639 816 670 865 at
687 812 735 865 illa

87 889 148 942 l‘let
166 894 280 955 nectem,
299 906 432 957 ramoque
447 888 546 941 seriens
566 888 720 943 miserabile
737 904 848 943 cannen

86 966 218 1030 integrat
236 968 268 1019 ct
283 968 397 1018 maestis
413 965 470 1018 late
487 964 545 1017 lina
563 963 708 1033 questibus
724 964 822 1032 inplet.
905 978 948 1020 διε

85 1042 166 1094 Nulla
187 1041 358 1109 l'emns‚110n
377 1041 424 1094 ulli
441 1042 560 1094 animum
579 1040 682 1094 flexere
699 1039 848 1107 lryurenaei.

85 1118 162 1169 Solus
183 1118 374 1185 Hyperboreas
392 1118 491 1185 glacies
510 1117 677 1185 Tanaimque
694 1115 812 1169 nivalem

85 1195 215 1261 Arvaque
236 1193 364 1262 Rhipaeis
383 1211 528 1261 numquam
549 1193 664 1246 viduata
680 1192 785 1260 pruinis

88 1269 241 1334 laistrabat,
260 1274 369 1337 raptam
389 1269 541 1336 Eurydicen
560 1273 645 1336 atque
663 1268 747 1321 inrita
763 1267 840 1322 Ditis

85 1343 164 1397 Dona
182 1362 314 1412 querens;
333 1350 443 1413 spretae
463 1346 593 1398 Ciconum
612 1362 666 1413 que
684 1360 798 1399 munere
814 1346 923 1399 manes

86 1421 163 1473 Inter
182 1422 260 1473 sacra
278 1420 361 1473 deum
381 1421 562 1489 nocturnique
580 1421 657 1488 orgia
675 1419 774 1474 Bacchi
905 1435 945 1475 m

85 1497 260 1564 Discerptum
278 1498 351 1549 latos
366 1497 492 1550 iuvenem
511 1514 636 1565 sparsere
654 1513 811 1566 peragras

86 1572 153 1624 'l'urn
173 1590 280 1640 equoque
300 1589 452 1626 marmorea
472 1577 554 1642 caput
572 1590 589 1626 a
606 1573 713 1626 cervice
729 1572 867 1626 revolsum

85 1648 201 1715 Gurgite
219 1665 279 1701 cum
299 1648 390 1701 medie
408 1654 521 1717 portans
540 1648 674 1716 Oeagrius
693 1646 805 1701 Hebrus

85 1724 223 1787 Volneret,
244 1724 397 1791 Eurydicen
416 1742 467 1777 rex
487 1725 547 1793 ipsa
565 1728 595 1778 et
612 1723 714 1793 frigida
730 1723 832 1791 lingna,
905 1738 947 1779 tm

86 1801 132 1852 Ab
150 1801 276 1853 miseram
298 1801 463 1868 Eurydicen!
484 1802 573 1854 anima
592 1801 714 1869 fugiente
732 1798 864 1866 secabat3

86 1877 237 1943 Eurydicen
256 1881 315 1929 tete
333 1877 491 1930 referebant
509 1877 623 1930 flurnine.
637 1878 725 1944 ripae.

123 1954 198 2005 llaec
218 1952 340 2018 Proteus,
360 1956 390 2006 et
407 1970 438 2006 se
454 1953 528 2006 iactu
546 1954 625 2006 dedit
643 1952 793 2022 aequoria
812 1951 910 2019 album,

86 2030 198 2096 Quaque
218 2029 303 2095 dedit,
322 2033 493 2098 spumantem
513 2030 615 2082 undam
634 2029 685 2081 sub
703 2029 805 2082 vertice
821 2028 910 2082 tersit

86 2107 125 2158 At
144 2122 197 2158 nen
219 2106 339 2173 Oyrcne;
357 2122 476 2173 namque
494 2107 568 2159 ultre
585 2106 679 2158 adfata
697 2105 857 2158 timentem:
905 2118 948 2158 teo

120 2182 199 2248 Nate,
219 2183 284 2235 licet
301 2183 389 2236 tristis
408 2183 497 2234 anime
518 2182 655 2250 deponere
674 2197 760 2234 curas

86 2257 162 2310 Hace
181 2259 267 2311 onmis
287 2258 374 2311 morbi
394 2275 503 2322 caussa3
522 2258 583 2309 binc
602 2256 757 2310 miserabile
776 2254 931 2325 Nymphae,

85 2333 152 2386 Cum
172 2335 272 2401 quibus
291 2334 337 2386 illa
355 2335 452 2386 chores
470 2333 538 2387 lucis
558 2333 680 2400 agitabat
698 2334 725 2385 iu
743 2332 815 2401 altis,

85 2409 207 2463 Exitium
226 2410 325 2462 misere
344 2409 449 2476 apibus.
489 2410 529 2463 'l'u
547 2427 660 2462 munera
678 2409 794 2478 supplex

85 2485 185 2551 Tendc,
204 2489 303 2553 petens
321 2502 423 2552 lacem,
443 2489 471 2538 et
490 2485 575 2539 facilis
593 2501 725 2538 venerare
742 2484 885 2552 Napaem
906 2496 947 2539 m

86 2561 212 2628 Namque
230 2560 336 2613 dabunt
355 2561 460 2613 veniam
479 2563 556 2627 votis,
575 2562 684 2630 irasque
703 2560 855 2613 remittent.

86 2638 147 2703 Sed,
168 2636 264 2689 modus
284 2637 380 2689 orandi
399 2637 445 2704 qui
465 2638 508 2703 sit,
526 2638 601 2704 prius
620 2637 715 2690 ordiue
734 2635 845 2689 dicam.-

87 2716 227 2775 linattuor
243 2713 356 2765 cxinrios
374 2714 526 2780 praestanti
545 2729 657 2781 corpere
675 2716 776 2779 tauros,

87 2791 137 2851 Qui
157 2789 208 2842 tibi
225 2805 297 2841 nunc
315 2788 411 2841 viridis
430 2789 583 2855 depascunt
601 2804 707 2841 summa
725 2786 831 2856 Lycaei,

86 2864 191 2932 Delige,
211 2869 240 2918 et
256 2865 360 2917 intacta
377 2864 493 2917 tetidem
514 2865 620 2917 cervice
636 2864 772 2918 iuveneas.
905 2874 944 2915 us

86 2940 222 3003 Quattuor
239 2940 282 2993 his
300 2957 361 2992 aras
379 2940 435 2992 alta
453 2941 488 2992 ad
508 2939 623 2992 delubra
641 2939 756 2993 dearum

86 3017 235 3082 Constitue,
255 3021 284 3070 et
302 3033 408 3068 sacrmn
426 3016 528 3082 iugulis
544 3016 659 3069 demitte
677 3031 812 3081 cruorem,

86 3093 262 3162 corporaque
279 3094 338 3161 ipsa
354 3091 437 3146 boum
455 3093 584 3145 frondoso
602 3092 699 3146 desere
717 3092 784 3145 luee.

86 3171 160 3237 Post,
177 3168 224 3222 ubi
240 3185 312 3222 nona
329 3184 392 3222 sues
410 3171 518 3223 Aurora
534 3169 686 3223 ostenderit
703 3170 790 3233 ortus,
