2034 3944
342 119 527 177 AENEIDOS
544 123 612 173 LIB.
632 123 685 172 ΙΙΙ.
894 125 938 174 127

91 201 165 264 Quos
182 216 287 254 mecum
305 218 321 253 a
340 201 420 253 'l'roia
437 202 590 271 mediisque
606 221 640 257 ex
658 205 769 272 ignibus
785 207 861 259 urbis

89 276 257 342 Extuleram,
276 278 326 330 visi
344 282 408 329 ante
426 278 517 330 oeulos
535 280 647 334 adstare
663 281 777 334 iacentis
902 295 939 335 150

89 353 123 405 In
142 354 248 420 somnis,
265 354 351 406 multo
370 354 507 407 manifesti
525 355 633 421 lumino,
651 373 707 424 qua
724 373 756 410 se

89 429 173 482 Plena
191 447 240 496 per
257 431 372 482 insertas
390 430 523 484 fundebat
541 431 605 484 luna
621 433 769 498 fenestrae

88 504 155 557 Turn
175 506 212 557 sie
229 505 316 557 adfari
335 510 364 558 et
382 522 461 558 curas
479 504 521 557 his
540 505 649 558 demere
668 506 761 560 dietis:

88 581 166 645 Quod
184 581 234 634 tibi
253 582 345 634 delato
364 582 507 649 Ortygiam
525 581 648 634 dieturus
667 583 766 650 Apollo
784 587 833 651 est,

88 657 141 710 Hie
159 659 237 722 canit,
257 662 285 710 et
303 662 351 710 tua
369 674 418 710 nos
436 675 470 709 en
488 658 561 710 ultro
579 657 615 710 nd
632 657 725 711 limina
742 659 837 713 mittit.
900 675 936 716 15⁵

86 733 143 786 Nos
161 738 197 799 te,
217 734 358 786 Dardania
374 735 489 800 incensa,
508 737 609 800 tuaque
627 751 703 787 arnna
721 735 812 800 secuti,

86 809 143 862 Nos
161 811 296 862 tumidum
315 811 364 862 sub
382 813 411 862 te
429 810 564 876 permensi
582 809 712 862 elassibus
730 827 836 878 aequor,
928 867 935 886 ι

86 884 165 938 Idem
185 892 315 939 venturos
332 885 459 938 tollemus
477 885 504 936 in
523 891 596 938 astra
614 890 735 954 nepotes,

87 960 280 1029 inperiumque
298 962 360 1014 urbi
379 961 511 1015 dabimus.
548 962 588 1014 Tu
606 963 711 1014 moenia
728 966 831 1030 magnis

85 1037 186 1104 Magna
203 1055 276 1106 para,
294 1039 459 1105 longumque
476 1037 557 1104 fugae
575 1055 609 1090 ne
627 1038 719 1106 linque
736 1038 863 1093 laborem.
898 1054 940 1094 110-

85 1113 235 1166 Mutandae
253 1114 340 1167 sedes.
376 1113 439 1165 Non
456 1113 524 1165 haee
540 1114 590 1166 tibi
610 1115 690 1167 litora
707 1115 792 1167 suasit

85 1189 179 1243 Delius
197 1194 245 1243 aut
264 1190 362 1243 Cretae
380 1190 459 1242 iussit
477 1190 619 1242 considere
639 1190 743 1257 Apollo.

84 1265 134 1318 Est
152 1267 233 1332 loeus,
253 1267 416 1333 Hesperiam
435 1265 510 1318 Graii
528 1266 685 1331 cognomine
704 1266 804 1330 (linunt,
855 1271 856 1274 ’

85 1340 168 1395 Terra
185 1343 304 1409 antiqua,
322 1346 421 1409 potens
439 1342 521 1394 ermis
539 1345 622 1409 utque
640 1341 725 1395 ubero
742 1341 868 1408 glaebao;

84 1416 197 1471 Oenotri
215 1419 322 1471 coluere
341 1418 406 1483 viri;
425 1435 496 1470 nune
514 1417 585 1470 lama
603 1418 720 1470 minores
896 1434 933 1473 mo

84 1494 190 1547 ltaliam
211 1495 311 1547 dixisse
329 1494 405 1546 ducis
425 1494 459 1546 de
477 1494 584 1545 nomine
601 1498 725 1560 gentem:

84 1570 144 1623 liae
160 1571 237 1623 nobis
255 1572 381 1638 propriae
401 1570 495 1633 sedes;
519 1569 581 1621 hino
600 1570 743 1623 Dardanus
761 1575 845 1636 ortus,

83 1646 225 1714 Iasiusque
243 1650 329 1714 pater,
347 1662 434 1712 genus
451 1663 468 1697 a
486 1662 539 1713 quo
557 1646 679 1713 principe
697 1648 827 1698 nostrum.

82 1721 168 1788 Surge
186 1739 245 1789 age,
264 1726 293 1774 01
311 1722 378 1774 haec
395 1721 483 1774 laetus
502 1722 632 1788 longaevo
650 1721 725 1775 dioto
742 1723 850 1789 parenti

83 1798 166 1850 Haud
180 1798 331 1851 dubitanda
342 1798 429 1851 roien:
443 1798 592 1865 Corythum
605 1802 747 1866 terrasque
760 1797 882 1864 requirat
896 1813 932 1853 170

83 1875 223 1927 Ausonias.
262 1874 373 1926 Dictaea
391 1877 474 1940 negat
493 1874 542 1926 tibi
562 1873 688 1941 luppiter
705 1888 777 1926 arva

81 1949 190 2002 Talibus
208 1951 341 2003 attonitus
359 1951 421 2002 visis
440 1954 469 2002 et
486 1967 551 2002 vooe
570 1949 717 2002 deorum-

81 2025 105 2077 N
108 2044 138 2078 00
157 2043 238 2093 sopor
254 2026 322 2078 illud
340 2032 406 2091 erat,
424 2026 473 2078 sed
491 2043 580 2078 coram
598 2025 763 2092 adgnoscere
781 2027 871 2079 voltus

81 2101 248 2169 Velatasquo
267 2118 357 2154 eomas
374 2102 581 2168 praesentiaque
599 2117 647 2153 ora
665 2101 793 2166 videbam

80 2177 148 2230 Tum
166 2178 272 2244 gelidus
290 2183 349 2232 toto
367 2178 495 2230 manabat
514 2193 626 2244 corporo
644 2177 762 2244 sudor—
879 2173 931 2232 Ι171

80 2254 203 2321 Corripio
223 2271 238 2306 e
256 2255 352 2306 stratis
370 2270 476 2321 eorpus,
494 2252 633 2319 tendoque
652 2253 762 2320 supinas

80 2329 124 2384 Ad
145 2329 249 2382 eaelum
267 2346 328 2382 oum
348 2346 411 2382 voco
429 2346 532 2395 manus,
552 2332 581 2382 et
598 2343 712 2382 munero
729 2329 782 2382 libo

80 2406 250 2458 Intemeratn
267 2406 339 2458 foois.
378 2405 504 2459 Perieeto
521 2406 609 2458 laetus
627 2405 728 2458 honore

81 2482 217 2534 Anchisen
236 2482 305 2534 lanio
323 2486 436 2547 eertum,
456 2498 568 2549 remque
588 2482 684 2535 ordine
702 2476 814 2550 pandos

80 2558 220 2623 Adgnovit
238 2558 341 2626 prolem
359 2557 512 2624 ambiguam
530 2558 706 2626 geminosque
723 2562 859 2626 parentes,
893 2573 930 2612 1so

79 2633 168 2701 Seque
187 2650 255 2686 novo
274 2637 397 2686 veterum
417 2633 562 2700 deceptum
582 2649 675 2686 errore
692 2633 818 2686 locorum.

79 2708 147 2761 Tum
166 2713 312 2762 memorat:
339 2709 418 2773 Nate,
440 2709 529 2761 Iliacis
547 2709 668 2762 exercite
687 2709 755 2775 letis,

80 2785 142 2837 Sola
160 2785 226 2838 mihi
244 2785 307 2837 telis
324 2801 402 2837 casus
422 2783 575 2838 Cassandra
592 2785 713 2838 canebat.

79 2861 102 2912 N
106 2878 158 2914 uno
176 2864 271 2928 repeto
288 2860 355 2913 haee
373 2860 468 2927 generi
485 2861 649 2927 portendere
668 2860 763 2914 debita
781 2864 881 2928 nostro,

80 2937 115 2989 Et
134 2953 216 3005 saepe
237 2937 408 3003 Hesperiam,
427 2952 509 3004 saepo
529 2936 600 2989 Itala
618 2953 702 3003 regna
720 2953 822 2990 vocare.
893 2952 929 2991 185

79 3012 133 3065 Sed
152 3013 213 3080 quis
231 3013 266 3064 ad
287 3012 436 3079 Hesperiae
454 3014 583 3064 venturos
600 3011 682 3066 litora
700 3012 817 3065 Teucros

79 3088 229 3143 Crederetl
254 3093 302 3140 aut
320 3105 401 3156 quem
419 3090 479 3140 tum
497 3090 574 3139 vates
593 3087 745 3146 Cassandra
762 3087 901 3142 movereti

79 3165 215 3219 Cedamus
235 3163 353 3226 Phoebo,
372 3166 401 3216 et
418 3162 513 3216 moniti
532 3162 643 3215 meliora
661 3179 814 3228 sequamur.
