2034 3944
368 110 552 157 AENEIDOS
570 109 639 156 LIB.
659 110 695 158 II.
913 110 957 158 111

108 194 211 260 Incipio
230 190 382 259 superbis:
403 190 525 255 Iuvenes,
544 189 691 242 fortissima
708 191 809 243 frustra

107 269 229 334 Pectora,
249 268 271 320 si
289 267 365 320 vobis
383 267 529 319 audentem
548 270 671 319 extrema
688 266 786 332 cupido

106 345 190 398 Certa
209 343 292 410 sequi,
311 360 381 411 quae
400 343 436 395 sit
454 343 536 395 robus
555 343 664 395 fortuna
682 342 793 397 videtis:
923 356 960 398 3⁵0

106 421 254 474 Excessere
272 436 373 484 omnes,
392 419 482 486 adytis
500 419 609 486 arisque
627 418 737 485 relictis,

106 496 148 562 Di,
167 496 265 564 quibus
282 496 415 562 inperium
433 495 483 547 hoe
502 498 632 559 steterat3
651 495 808 548 succurritis
826 494 888 549 urbi

106 572 250 636 Incensae;
269 572 421 635 moriamur,
441 574 470 623 ct
488 571 515 623 in
533 570 624 623 media
642 587 718 623 arma
736 588 853 624 ruamus.

106 649 168 701 Una
185 649 258 701 salus
275 648 360 711 victis,
379 648 481 700 nullam
499 663 609 713 sperare
626 647 749 700 salutem.

106 723 150 776 Sic
162 724 258 777 animis
271 725 396 776 iuvenum
408 724 483 775 furor
496 723 613 775 additus.
654 722 729 790 lude,
741 723 798 789 lupi
812 738 862 775 eeu
924 737 960 776 35⁵

107 800 242 866 ltaptores
260 804 320 852 atra
338 800 365 851 in
384 799 490 864 nebula,
510 815 578 866 quos
596 799 710 866 inproba
728 799 831 852 ventris

106 875 206 942 Exegit
224 892 318 928 caecos
336 875 433 942 rabieS,
451 875 590 942 catulique
608 875 697 928 relicti

106 951 240 1003 Faucibus
258 954 419 1018 exspectant
437 952 520 1015 siccis,
540 967 588 1018 per
607 951 671 1017 tela,
690 968 739 1018 per
757 951 843 1004 bostis

106 1026 238 1079 Vadimus
256 1027 329 1080 haud
349 1026 458 1079 dubiam
474 1027 501 1078 in
516 1031 641 1091 mortem,
658 1026 819 1093 mediaeque
834 1029 959 1080 tenemus

106 1102 188 1155 Urbis
206 1104 273 1168 iter;
291 1120 344 1155 nox
363 1106 423 1156 atra
440 1119 506 1155 cava
521 1102 697 1155 circumvolat
716 1101 818 1154 umbra.
923 1114 959 1155 333

107 1179 172 1242 Quis
190 1178 295 1232 cladem
313 1178 384 1231 illius
402 1179 497 1241 noetis,
516 1178 576 1244 quis
594 1178 690 1230 funera
708 1178 790 1230 fando

110 1255 237 1322 llxplicct,
256 1258 304 1307 aut
322 1255 408 1322 possit
426 1254 544 1306 lacrimis
563 1270 681 1320 aequare
700 1253 825 1308 laboresl

108 1329 179 1382 Urbs
197 1331 309 1398 antiqua
327 1330 390 1395 ruit,
409 1330 508 1382 multos
527 1329 664 1382 dominata
682 1346 731 1398 por
749 1345 849 1394 aunos;

108 1405 226 1458 Plurima
243 1423 346 1474 perque
365 1406 421 1457 vias
440 1407 599 1458 sternuntur
617 1406 716 1458 inertia
734 1405 836 1473 passim

106 1480 225 1549 Corpora
243 1498 347 1549 perque
368 1481 462 1533 domos
480 1484 509 1533 et
528 1480 654 1547 religiosa
672 1481 787 1534 deorum
923 1496 959 1536 335

105 1555 217 1609 Limina
245 1557 303 1608 Nec
321 1556 371 1608 soli
388 1573 490 1624 poenas
508 1556 575 1609 dant
593 1556 723 1623 sanguine
742 1557 851 1623 Teucri;

106 1631 246 1695 Quondam
265 1632 348 1685 etiam
368 1633 444 1684 victis
463 1631 537 1684 redit
556 1632 583 1683 in
602 1633 762 1699 praecordia
780 1634 866 1687 virtus

105 1708 286 1775 Victoresque
305 1706 406 1760 cadunt
425 1707 519 1760 Danai.
557 1707 682 1773 Crudelis
701 1709 803 1777 ubique

106 1783 214 1850 Luctus,
232 1783 332 1851 ubique
350 1799 441 1850 paror,
461 1787 490 1836 ct
508 1784 624 1851 plurima
642 1785 738 1837 mortis
757 1786 855 1853 imago·

139 1859 245 1911 Primus
265 1875 300 1923 se,
320 1859 444 1911 Danaum
464 1876 563 1926 magna
581 1860 728 1913 comitante
746 1865 863 1926 caterva,
920 1876 957 1916 373

106 1934 267 2002 Androgeos
285 1935 364 1987 offert
382 1933 466 2000 nobis,
485 1935 557 1987 socia
575 1937 683 2002 agmina
701 1936 815 1990 credens

106 2011 216 2076 inscius,
234 2014 316 2077 atquc
334 2010 407 2063 ultro
426 2010 515 2063 verbis
534 2011 678 2078 compellat
697 2012 804 2064 amieis:

109 2088 251 2152 ilcstinatc,
270 2087 327 2139 viri.
364 2087 435 2138 Nam
455 2103 524 2154 quac
543 2089 600 2139 tam
619 2104 679 2140 sera
697 2091 819 2140 moratur

105 2163 255 2228 Cognitiesl
275 2162 321 2213 alii
340 2162 450 2229 rapiunt
469 2163 577 2214 incensa
596 2163 743 2230 feruntque

106 2239 253 2305 Pergama;
271 2254 318 2289 vos
336 2237 415 2290 celsis
433 2255 503 2290 nuuc
522 2238 639 2305 primum
658 2255 674 2290 a
692 2239 807 2292 navibus
825 2239 880 2292 itis.
923 2253 958 2294 375

105 2314 189 2379 Dixit,
208 2317 237 2365 et
255 2313 401 2380 extemplo,
421 2330 508 2380 neque
527 2313 599 2365 enim
618 2331 748 2381 responsa
766 2315 903 2368 dabantur
971 2358 973 2361 .

106 2388 175 2441 Fida
192 2389 265 2453 satis,
284 2390 369 2441 sensit
387 2388 491 2440 medios
510 2389 638 2456 delapsus
656 2390 683 2442 in
702 2390 794 2444 hostis.

105 2463 252 2532 Obstipuit,
270 2468 399 2531 retroque
418 2464 516 2530 pedem
536 2481 596 2516 cum
615 2481 680 2518 voce
698 2469 837 2535 repressit.

106 2538 277 2607 luprovisum
297 2541 384 2608 aspris
403 2539 485 2591 veluti
504 2540 550 2607 qui
569 2541 691 2594 sentibus
710 2545 826 2610 anguem

107 2616 208 2669 Pressit
227 2616 302 2668 humi
322 2617 420 2681 nitens,
440 2616 619 2684 trepidusque
637 2623 750 2685 repento
769 2619 870 2685 refugit
922 2633 959 2672 333

107 2693 287 2745 Attollentcm
305 2692 359 2744 iras
378 2696 406 2744 et
425 2692 533 2744 caerula
551 2691 618 2745 colla
636 2696 803 2757 tumentem;

107 2768 188 2821 Haud
207 2784 284 2821 secus
305 2768 467 2834 Androgeos
486 2768 545 2819 visu
563 2769 738 2822 tremefactus
757 2769 856 2822 abibat.

106 2845 249 2910 Inruimus,
268 2843 360 2896 densis
380 2846 409 2895 ct
427 2843 669 2896 circumfundirmu·
686 2845 777 2910 armis,

105 2920 274 2987 ignarosque
293 2919 343 2972 loci
362 2918 463 2986 passim
482 2923 511 2971 et
529 2919 672 2973 formidine
691 2924 783 2988 captos

104 2996 265 3050 Sternimus.
302 2994 438 3062 Adspirat
455 2993 544 3062 primo
562 2995 671 3048 fortuna
690 2996 783 3048 labori.
921 3007 959 3047 385

105 3074 199 3141 Atque
217 3071 266 3126 hic⁴
279 3086 405 3132 successu
424 3070 562 3122 exsultans
581 3071 732 3136 animisque
751 3069 897 3136 Coroebus,

104 3149 127 3199 Ο
146 3148 218 3213 socii,
237 3164 292 3214 qua
310 3144 404 3214 prima,
423 3145 520 3212 iuquit,
537 3145 648 3198 fortuna
665 3143 760 3196 salutis
