2032 3524
98 114 143 156 ,ΗΓΒ
327 113 354 159 P.
376 112 527 159 tunultu
547 112 712 161 MAROEIS

102 190 176 242 ilicet
195 192 221 241 in
242 208 331 243 inuras
350 195 409 244 teta
428 192 591 245 discurritur
609 192 684 247 urbe.

98 267 245 317 i'anciiium
265 268 322 333 ipsa
340 272 419 334 pater
437 272 466 320 et
484 284 582 333 magna
599 269 709 336 incepta
728 271 840 326 [altinus

101 341 207 393 besua
225 362 255 395 ac
273 344 344 395 tristi
364 344 490 395 bubatus
508 347 631 410 tenqmre
649 344 749 408 differt,
909 360 946 402 ⁴7⁰

99 420 239 486 Multaque
259 440 288 472 se
306 421 417 481 incusat,
436 423 483 488 qui
502 439 553 473 nun
572 423 707 490 acceperit
725 423 797 476 ultro

101 495 265 547 ltu-danium
285 496 405 551 Aenum.
422 513 608 565 generumque
626 498 773 551 adsciverit
789 498 859 552 urbi.

100 572 274 625 l’mcbuliunt
293 572 337 623 alii
355 578 456 639 pertas.
474 578 523 627 aut
541 590 606 626 saxa
624 574 760 642 sudesque

97 648 272 700 balneet-mt-
312 648 388 700 Belte
406 648 456 701 dat
473 650 580 716 signum
599 666 681 702 rauca
698 654 840 703 cruentum

99 724 206 776 lbieina.
243 724 310 776 Tum
329 741 421 777 mures
438 725 512 777 varia
529 725 638 778 cinxere
655 742 753 779 carena
910 740 944 781 472

99 799 240 851 blatreuae
258 801 403 867 puerique;
421 804 499 853 secat
517 801 593 853 luber
610 802 722 854 ultimus
740 802 832 855 omnis.
953 868 955 872 y

98 876 155 927 Nec
174 892 225 927 nen
244 877 280 928 ad
298 877 431 945 templum
450 893 623 944 summasque
641 878 677 929 ad
697 878 815 930 Palladis
832 894 911 932 uroes
950 884 954 900 ’“

98 951 262 1005 subvehitur
280 969 377 1019 magm
394 957 513 1005 matrum
531 954 626 1019 regina
643 956 759 1018 caterva,

101 1026 175 1078 luna
192 1028 288 1091 ferens,
307 1028 437 1096 iuxtaque
454 1045 544 1081 cemes
564 1029 675 1081 lavinia
691 1028 774 1096 virge,

99 1104 200 1155 (tuum
217 1105 279 1156 nndi
299 1106 376 1167 tanti,
395 1105 485 1157 (mules
503 1104 611 1158 deiecta
629 1105 750 1158 deceres.
908 1118 945 1159 ssu

99 1180 251 1232 Siuceduut
269 1188 377 1245 matres,
395 1184 424 1233 et
442 1181 574 1247 tcmpbun
592 1184 654 1233 ture
673 1184 811 1248 valuerant,

100 1253 135 1305 lit
153 1260 269 1308 maestus·
287 1257 342 1307 altu
360 1255 475 1308 bmdunt
494 1256 529 1307 de
547 1255 639 1309 limine
658 1272 748 1309 voces:

100 1332 282 1398 Armipotens
299 1347 408 1397 praeses
425 1331 497 1398 belli,
514 1331 636 1384 Tritonia
653 1332 736 1398 virge,

100 1406 205 1473 Frange
223 1424 303 1459 manu
322 1407 406 1459 telum
427 1406 536 1473 Phrygii
555 1407 708 1474 praedonis
726 1410 755 1459 et
772 1406 862 1475 ipsum

100 1481 216 1534 l'rnnum
235 1488 327 1535 sterne
345 1482 408 1549 sele,
426 1483 568 1550 lautisque
586 1482 696 1535 effunde
713 1481 764 1535 sub
782 1482 853 1535 ultis.
909 1498 945 1538 485

99 1557 223 1623 Cingitur
240 1559 297 1625 ipse
314 1558 406 1609 furens
424 1558 550 1610 certatim
567 1558 595 1609 in
612 1559 716 1626 proelia
733 1557 846 1618 Turnus

100 1633 213 1701 Iannpre
231 1634 299 1685 adea
320 1633 452 1684 Rutulum
471 1633 583 1686 thoraca
601 1633 713 1686 indutus
730 1632 806 1686 aenis

100 1710 237 1762 Iterrebat
255 1708 381 1776 squmnis,
401 1725 532 1775 sinusque
550 1709 697 1761 incluserat
714 1725 786 1769 auro,

99 1784 231 1851 'l’empem
247 1784 336 1836 mutus
355 1784 450 1848 adbuc,
470 1784 605 1852 laterique
624 1784 779 1836 accinxerat
796 1800 898 1851 ensem,

100 1860 286 1927 Fulgebatque
303 1860 360 1911 atta
377 1858 524 1911 decurrens
542 1876 640 1912 aureus
658 1876 726 1926 arce,
906 1873 943 1912 teo

101 1936 278 2003 insultetque
295 1935 398 1999 animis,
417 1938 445 1987 et
462 1951 510 2002 spe
528 1936 581 1987 iam
599 1935 732 2003 praecipit
748 1933 869 1989 hostem:

99 2010 191 2072 (dualis
209 2010 255 2063 ubi
274 2010 397 2078 abruptis
416 2010 486 2077 fugit
505 2012 648 2078 praesepia
666 2010 760 2064 uinclis

98 2086 219 2139 Tandem
235 2087 305 2138 liber
322 2102 416 2153 eqims,
434 2102 583 2153 campoque
600 2086 704 2153 petitus
721 2089 817 2153 aperte

102 2166 157 2216 aut
175 2163 220 2215 ille
237 2162 264 2214 in
283 2166 377 2229 pastus
396 2166 573 2229 armentaque
592 2163 683 2216 tendit
700 2178 840 2230 equarum,

101 2242 157 2292 unt
175 2240 306 2291 caisnetus
323 2254 410 2306 aquae
428 2237 554 2305 perfundi
573 2238 683 2291 ssumiue
700 2242 765 2290 noto
908 2250 944 2292 496

101 2317 210 2382 tinuerit,
227 2314 394 2381 arrectisque
412 2313 505 2366 fremit
523 2313 673 2366 cervicibus
687 2313 742 2367 alte

102 2391 257 2453 bnxurians,
275 2389 428 2455 luduntque
445 2388 526 2441 iubae
543 2405 593 2456 per
611 2389 685 2453 cella,
702 2405 752 2456 per
770 2404 866 2441 urmes.

99 2467 185 2518 tibvia
203 2465 252 2531 cui,
271 2464 431 2516 Velscermn
448 2464 505 2516 acie
523 2465 677 2530 comitante,
693 2463 807 2517 Carnilla

99 2542 231 2606 ticcurrit,
249 2539 388 2607 partisque
406 2539 441 2591 ab
459 2557 529 2607 eque
547 2540 642 2606 regina
660 2540 710 2592 sub
728 2539 795 2607 ipsis

100 2617 223 2682 Desiluit,
242 2633 323 2683 quam
342 2619 402 2668 teta
419 2615 514 2668 cehers
532 2615 640 2668 imitata
657 2616 757 2669 relictis
909 2630 945 2670 see

100 2693 146 2745 nd
163 2697 267 2745 terram
286 2691 401 2744 dessuxit
420 2692 512 2757 equis;
531 2695 589 2744 tum
608 2692 675 2744 talia
692 2692 779 2744 fatur:

98 2769 194 2833 Turne,
213 2768 254 2820 sui
272 2766 371 2819 merite
390 2767 412 2818 si
431 2783 485 2833 qua
502 2771 545 2819 est
563 2767 662 2819 fiducia
679 2767 751 2832 serti,

100 2844 198 2897 Audeo
216 2847 245 2896 et
265 2843 426 2895 Aeneadum
444 2843 574 2909 promitte
593 2859 735 2896 occurrere
752 2845 861 2896 turmae

99 2921 214 2986 b'elaque
232 2918 384 2987 Tyrrhenus
402 2918 509 2985 equites
527 2918 567 2970 ire
585 2919 664 2971 ebvia
681 2922 782 2972 contra.

98 2997 145 3049 Me
163 2996 221 3048 sine
237 2995 325 3062 primu
342 3011 423 3046 manu
441 2997 577 3061 temptare
594 2995 714 3062 pericula
731 2993 812 3049 belli:
910 3008 945 3050 ωε

98 3071 139 3123 Tu
156 3070 242 3138 pedes
259 3070 295 3123 ad
312 3087 403 3122 mures
421 3069 545 3136 subsiste,
564 3073 593 3122 et
611 3071 716 3124 moenia
733 3086 818 3124 serva.

99 3145 205 3200 Turnus
221 3147 258 3200 sd
274 3147 348 3209 baec,
367 3146 457 3199 ocules
474 3145 609 3199 berrenda
627 3145 654 3198 in
672 3145 777 3212 virgine
795 3145 880 3201 fixus:
