2032 3524
316 119 502 173 BucoLch.
535 120 610 170 EOL.
636 121 685 171 IV.

88 202 189 265 Ubera,
208 217 257 253 nec
275 214 387 266 magnos
406 203 532 254 metuent
550 202 675 254 armenta
692 199 789 253 leones.

47 284 59 298 '
89 278 154 345 ipsa
170 275 221 330 tibi
240 275 354 328 blandos
372 274 488 330 fundent
506 275 640 350 cunabula
657 275 743 328 flores.

87 353 202 407 Occidet
219 354 249 404 et
266 367 385 420 serpens,
404 356 433 405 et
451 353 533 406 fallax
551 352 636 406 herba
655 352 752 405 veneni

87 429 216 494 Occidet;
240 429 383 495 Assyrium
401 429 479 496 volgo
498 432 625 483 nascetur
644 445 786 482 amomum.
916 444 941 484 ez

88 509 129 559 At
146 505 226 558 simul
245 504 357 557 heroum
376 505 470 559 laudes
489 511 518 560 et
536 507 608 559 facta
625 506 748 574 parentis

90 583 148 634 iam
166 581 257 649 legere
276 584 304 634 et
324 582 447 648 quaesit
465 582 569 650 peteris
588 598 748 649 cognoscere
767 581 861 649 virtus,

87 658 164 711 Molli
181 658 312 725 paulatim
332 658 460 710 flavescet
479 675 589 727 campus
609 658 701 722 arista,

88 734 257 802 incultisque
275 733 375 786 rubens
392 734 525 802 pendebit
544 734 666 804 sentibus
683 750 743 800 uva,

87 810 123 863 nt
141 810 226 864 durae
244 828 360 879 quercus
379 810 517 864 sudabunt
535 810 642 863 roscida
660 808 746 863 mella
915 825 940 862 m

88 886 178 940 Pauca
195 890 287 941 tamen
306 888 439 940 suberunt
456 888 561 955 priscae
581 885 695 954 vestigia
711 885 823 954 fraudis,

57 979 73 989 “
87 961 163 1025 Quae
181 966 318 1032 temptare
337 964 445 1017 Thetim
464 964 577 1030 ratibus,
596 979 667 1032 quae
685 962 794 1028 cingere
812 960 897 1014 muris

85 1037 201 1106 Oppida,
221 1056 292 1108 quae
309 1039 422 1093 iubeant
439 1039 532 1092 telluri
550 1039 683 1092 infindere
702 1038 795 1091 sulcos.
962 1101 964 1106 .

86 1114 168 1168 Alter
186 1115 239 1169 erit
257 1119 317 1168 tum
336 1115 442 1182 Tiphys,
462 1119 491 1168 ct
509 1115 596 1167 ultera
615 1130 686 1182 quae
703 1114 785 1167 vehet
803 1116 880 1181 Argo

85 1189 214 1244 Delectos
232 1192 343 1256 heroam
363 1196 443 1244 crunt
462 1192 545 1244 etiam
564 1192 651 1244 altera
668 1189 747 1257 bella,
914 1206 938 1244 ³5

86 1267 182 1333 Atque
201 1267 301 1320 iterum
320 1268 356 1319 ad
375 1267 483 1319 Troiam
501 1284 616 1334 maguus
635 1267 762 1320 mittetur
781 1265 908 1319 Achilles.

59 1346 65 1350 ’
86 1341 166 1408 Hinc,
185 1341 232 1394 ubi
250 1343 304 1395 iam
322 1343 430 1396 firmata
448 1344 535 1396 virum
553 1347 582 1396 te
600 1343 697 1396 feeerit
716 1345 798 1409 aetas,

85 1416 174 1471 Cedet
192 1421 222 1472 et
240 1419 298 1488 ipse
316 1419 384 1472 mari
403 1422 503 1487 vector,
521 1435 571 1472 nec
588 1421 699 1472 nautica
716 1417 795 1486 pinus

84 1492 206 1548 Mutabit
224 1512 341 1550 merces:
360 1496 448 1548 omnis
466 1496 537 1549 feret
555 1495 645 1548 omnia
662 1494 750 1547 tellus.

84 1571 147 1624 Non
166 1575 268 1624 rastros
286 1572 408 1640 patietur
425 1571 530 1638 humus,
549 1587 602 1623 non
620 1571 699 1624 vinea
717 1570 827 1636 falcem3
921 1590 940 1623 a·

84 1646 224 1700 Robustus
243 1663 351 1716 quoque
370 1647 423 1700 iem
441 1647 528 1700 tauris
545 1647 609 1714 iuga
628 1646 714 1699 solvet
731 1649 838 1712 arator,

84 1723 142 1777 Nec
161 1723 249 1776 varios
268 1722 356 1777 discet
374 1723 485 1776 mentiri
503 1723 566 1776 lane
584 1723 695 1789 colores,

66 1798 149 1867 -Ipse
168 1799 262 1853 sedin
280 1800 368 1867 pratis
386 1800 457 1853 aries
475 1799 529 1852 iem
548 1816 630 1852 suave
648 1798 758 1852 rubenti

84 1875 197 1943 Murice,
215 1875 269 1929 iem
288 1892 383 1929 croceo
400 1875 520 1928 mutabit
538 1875 639 1928 vellera
657 1875 729 1939 luto;

84 1950 187 2018 Sponte
205 1968 254 2004 sua
272 1950 376 2026 sandyx
394 1951 530 2020 pascentis
549 1951 649 2004 vestiet
667 1967 756 2018 agnos.
912 1963 936 2003 4⁵

83 2026 159 2079 Talia
178 2027 274 2092 saecla,
293 2027 348 2078 suis
367 2026 505 2094 dixerunt,
523 2026 633 2092 currite,
651 2027 718 2079 tusis

84 2103 240 2158 Concordes
259 2103 349 2155 stabili
369 2102 486 2154 satorum
504 2103 615 2154 numine
635 2103 743 2155 Parcae.

85 2177 248 2245 Adgredere
267 2194 283 2230 o
301 2176 540 2249 magnos-aderit
558 2177 612 2230 iam
630 2178 895 2245 tempus-honores,

84 2254 155 2308 (iera
174 2253 255 2306 deum
274 2253 389 2320 suboles,
408 2269 535 2320 magnum
556 2253 628 2305 Iovis
647 2253 858 2307 incrementum!

53 2372 72 2379 „,
84 2330 186 2399 Aspice
204 2346 323 2383 convexo
342 2333 485 2382 nutantem
504 2328 625 2397 pondere
644 2327 783 2393 mundum,
911 2344 936 2384 tc

84 2407 238 2475 Terraeque
256 2410 417 2474 tractusque
437 2405 519 2458 maris
538 2404 698 2474 caelumque
715 2404 887 2473 profundum,

84 2484 192 2552 Aspice,
210 2487 325 2537 venturo
343 2483 481 2536 laetantur
492 2485 530 2534 ut
549 2481 639 2534 omnia
656 2481 760 2535 saeclo!

84 2558 108 2611 0
128 2559 195 2612 mihi
213 2563 270 2613 tem
288 2559 385 2626 longae
403 2561 513 2612 maneat
530 2575 593 2626 pars
612 2557 710 2611 ultima
728 2558 808 2624 vitae,

40 2649 54 2657 ⁸
83 2635 200 2703 Spiritus
219 2639 255 2703 et,
274 2639 407 2705 quantum
426 2638 470 2688 sat
488 2636 542 2688 erit
559 2637 608 2687 tua
627 2634 717 2687 dicere
735 2633 818 2688 facta:

84 2711 146 2764 Non
165 2728 209 2764 me
226 2712 390 2765 carminibus
407 2712 498 2765 vincet
515 2727 565 2763 nec
584 2710 714 2763 Thracius
733 2709 864 2776 Orpheus,
910 2724 934 2763 tt

85 2787 142 2840 Nec
155 2788 246 2855 Linus,
258 2788 321 2840 huic
333 2792 421 2840 mater
434 2787 558 2854 quamvis
570 2790 654 2854 atque
666 2786 728 2838 huic
743 2787 822 2852 pater
840 2783 919 2849 adsit,

56 2862 187 2930 'Orphei
207 2864 350 2931 Calliopea,
371 2864 438 2916 Lino
456 2864 590 2916 formosus
609 2862 714 2931 Apollo,

84 2939 142 2991 Pan
160 2940 250 3003 etiam,
272 2940 391 2991 Arcadia
408 2955 513 2992 mecum
532 2939 553 2989 si
572 2938 661 2991 iudice
680 2941 776 3002 certet,

85 3014 141 3067 Pan
160 3016 243 3068 etiam
265 3016 385 3068 Arcadia
403 3016 476 3068 dicat
494 3032 523 3068 se
541 3014 631 3067 iudice
649 3014 758 3066 victum.

85 3090 186 3158 Incipe,
205 3106 288 3158 parve
306 3107 382 3159 puer,
400 3091 456 3143 risu
474 3106 637 3156 cognoscere
656 3091 785 3141 matrem:
906 3105 933 3144 eo

84 3165 170 3219 Matri
188 3166 268 3235 ionga
285 3166 380 3221 decem
398 3167 521 3220 tulerunt
538 3165 649 3218 fastidia
668 3179 791 3226 mensem
