2032 3524
340 111 522 160 AENEIDOS
540 111 608 159 LIB.
627 111 692 160 VII.
892 111 937 162 217

91 195 168 248 Haec
186 193 255 248 adeo
273 191 325 247 tibi
342 209 394 258 me,
413 191 520 259 placida
538 207 599 244 cum
616 194 697 245 noete
714 192 823 258 iaceres,

92 271 156 337 Ipsa
174 270 263 337 palam
280 268 332 322 fari
349 267 519 336 omnipotens
538 267 665 320 Saturnia
681 267 767 321 iussit.

92 347 182 409 Quare
199 361 256 412 age,
276 348 304 398 et
321 344 421 396 armari
440 343 540 411 pubem
559 344 701 411 portisque
720 343 821 396 moveri

91 422 191 474 Laetus
208 421 236 473 in
254 437 329 473 arma
347 437 419 488 para,
437 423 466 472 et
485 419 623 487 Phrygios,
642 420 688 487 qui
704 420 814 472 flumine
829 420 941 488 pulchro
987 463 991 470 .

91 497 253 564 Consedere,
273 496 357 549 duces
374 496 515 564 pictasque
535 512 619 547 exure
637 496 749 550 eserinas.

91 573 245 626 Caelestum
263 573 303 625 vis
321 588 420 638 magua
437 571 520 625 iubet.
558 572 618 624 Rex
636 572 694 639 ipse
713 573 834 640 Latinus,

91 650 127 702 Ni
146 650 211 702 dare
230 648 383 715 coniugium
402 651 431 700 et
450 648 523 700 dicto
540 665 637 716 parere
654 649 765 714 fatetur,
875 642 876 645 ’

91 725 204 792 Sentiat,
223 728 252 778 et
269 725 381 776 tandem
402 724 521 776 Turnum
541 724 698 792 experiatur
715 725 743 776 in
761 724 852 776 armis.

127 802 180 855 Hic
197 801 309 866 iuvenis,
328 805 418 855 ratem
439 801 567 867 inridens,
586 802 623 854 sie
641 817 703 854 ersa
720 800 836 853 vicissim
906 813 942 852 sse

91 878 146 930 Ore
164 879 261 930 refert:
280 877 381 930 Classis
400 879 519 931 invectas
538 877 680 944 Thybridis
698 877 799 929 undam
900 886 901 889 ’

92 953 160 1019 Non,
179 957 296 1018 utrem,
315 969 390 1005 meas
409 953 504 1021 effugit
521 953 631 1005 nuntius
648 953 735 1017 auris;

91 1029 116 1080 N
119 1045 134 1081 e
151 1032 242 1082 tentes
260 1029 325 1081 mihi
343 1029 415 1095 finge
433 1032 529 1082 metus
565 1028 591 1080 N
593 1044 624 1080 ee
641 1028 717 1094 regia
735 1027 805 1080 luno

93 1105 229 1157 Inmemor
248 1108 291 1170 est
308 1104 410 1168 nostri3

93 1179 148 1232 Sed
165 1183 195 1232 te
212 1180 283 1232 ricta
301 1179 355 1232 situ
372 1179 483 1247 verique
500 1180 581 1233 effeta
600 1183 731 1245 senectus,
907 1190 943 1231 ue

94 1254 116 1306 Ο
135 1259 231 1321 mater,
250 1255 322 1307 curis
341 1254 505 1322 nequiquam
524 1259 641 1321 exercet,
660 1259 688 1308 et
706 1271 782 1307 anna

95 1332 201 1397 ltegum
219 1332 292 1383 inter
310 1330 378 1382 falsa
395 1334 484 1383 vatem
503 1331 646 1383 formidine
664 1331 741 1383 ludit.

95 1407 166 1460 Cura
183 1407 241 1473 tibi,
260 1405 351 1459 divom
371 1405 473 1473 effigies
490 1410 520 1460 et
537 1406 639 1473 templa
656 1407 735 1473 tucri,

96 1483 172 1535 Bella
189 1482 239 1534 viri
258 1498 407 1551 pacemque
424 1485 527 1549 gerant,
546 1482 607 1549 quis
625 1482 697 1534 bella
713 1483 840 1550 gerenda.

129 1557 237 1610 Talibus
257 1557 365 1610 Allecto
384 1557 465 1610 dietis
483 1557 585 1610 exarsit
603 1557 630 1609 in
647 1558 707 1611 iras.
907 1571 944 1610 445

96 1635 135 1687 At
152 1633 241 1687 iuveni
260 1633 347 1686 oranti
367 1633 470 1685 subitus
488 1636 591 1685 tremor
609 1637 722 1700 occupat
739 1637 829 1700 artus;

95 1709 244 1776 Deriguere
263 1708 346 1763 oculi:
366 1712 408 1762 tet
428 1709 522 1776 Erinys
541 1709 631 1762 sibilat
649 1709 749 1776 hydris,

95 1784 233 1853 Tantaque
252 1802 281 1839 se
299 1785 380 1838 iacies
398 1785 500 1852 aperit;
518 1787 575 1837 tum
594 1785 718 1838 flammea
736 1791 868 1851 torquens

94 1860 207 1914 Lumina
225 1864 398 1914 cunctantem
416 1863 445 1913 et
463 1865 639 1928 quaerentem
658 1861 747 1914 dicere
765 1861 843 1928 plura

95 1936 231 2005 Reppulit,
254 1940 282 1989 et
300 1937 423 2004 gemines
442 1937 530 1990 erexit
548 1937 667 1989 crinibus
685 1938 787 2004 anguis,
907 1949 945 1988 sse

95 2013 274 2079 Verberaqne
292 2012 418 2079 insenuit,
435 2011 585 2079 rabidoque
602 2013 669 2066 haec
686 2013 793 2065 addidit
810 2029 870 2067 ore:

95 2088 136 2140 Tm
155 2104 205 2155 ege
224 2087 295 2140 vieta
313 2087 374 2153 situ,
393 2104 473 2154 quam
491 2089 549 2141 reri
567 2090 648 2142 effeta
666 2091 790 2141 senectus

96 2166 183 2216 Arma
200 2165 272 2215 inter
290 2179 385 2230 regum
403 2162 470 2216 falsa
488 2164 631 2217 formidine
649 2164 733 2227 ludit3

96 2239 211 2306 Respice
229 2237 265 2290 ad
283 2239 362 2292 haec:
380 2239 475 2292 adsum
493 2239 613 2292 dirarum
632 2240 666 2292 ab
685 2239 749 2292 sede
767 2255 903 2303 sororum;

97 2315 174 2367 Bella
191 2331 273 2367 manu
291 2314 431 2383 letumque
448 2332 521 2382 gero,
909 2329 944 2368 46⁵

96 2391 140 2443 Sic
158 2390 238 2444 effata
255 2390 342 2444 facem
360 2391 450 2444 iuveni
469 2392 590 2457 coniecit,
609 2396 638 2444 et
655 2395 714 2443 atro

95 2467 209 2520 Lumine
226 2467 356 2519 fumantis
375 2466 436 2520 fixit
455 2466 504 2519 sub
523 2470 633 2535 pectere
651 2467 753 2519 taedas.

95 2543 148 2595 Olli
167 2559 289 2595 somnum
308 2543 403 2610 ingens
422 2542 524 2610 rumpit
542 2558 633 2609 pavor,
651 2558 766 2608 esseque
783 2544 812 2595 et
829 2544 905 2594 artus

96 2618 222 2672 Perfudit
239 2621 297 2671 teto
316 2623 463 2686 proruptus
482 2634 594 2686 corpere
613 2618 701 2671 sudor.

96 2694 182 2746 Arma
200 2709 293 2747 amens
309 2694 408 2760 fremit,
427 2710 501 2746 arma
518 2696 578 2746 tere
596 2693 731 2761 tectisque
748 2692 880 2760 requirit3
908 2706 944 2744 sun

95 2768 188 2821 Saevit
205 2785 281 2820 amer
298 2769 363 2822 ferri
381 2774 409 2823 et
428 2769 560 2822 scelerata
577 2769 681 2822 insania
699 2767 772 2834 belli,

96 2843 144 2897 Ira
162 2860 258 2911 super:
277 2860 374 2911 magno
392 2845 476 2898 veluti
494 2861 555 2898 euru
574 2845 682 2898 flamma
699 2859 795 2897 sonore

95 2919 198 2986 Virgea
216 2919 372 2986 suggeritur
389 2921 471 2974 costis
488 2921 618 2973 undantis
635 2920 703 2985 aeni,

95 2995 295 3062 Exsultantque
313 2998 391 3048 aestu
408 2995 518 3061 latices3
536 2997 603 3049 furit
621 2997 696 3048 intus
713 2992 792 3062 aquai

96 3069 228 3124 Tumidus
246 3073 329 3138 atque
347 3071 402 3124 alte
420 3071 522 3140 spumis
540 3071 673 3124 exuberat
691 3070 792 3133 amnis3
901 3077 945 3124 'sss

95 3147 154 3200 Nee
169 3146 223 3200 iam
242 3162 272 3200 se
289 3147 361 3214 capit
378 3147 467 3212 unda;
483 3147 556 3202 volat
574 3163 658 3213 vapor
675 3149 735 3200 ater
753 3145 789 3198 ad
806 3161 892 3200 arnas
