2032 3524
359 121 560 170 GEORGICON
584 121 653 168 LIB.
678 120 714 168 II.
941 124 970 169 51

117 199 172 256 llic
189 202 261 272 petit
280 202 408 256 exscidiis
426 202 522 255 urbem
541 202 711 269 miserosque
733 199 850 267 Penatis,
937 215 972 253 555

117 279 157 334 Ut
174 296 283 346 gemma
301 279 379 332 bibat
398 282 427 331 et
446 279 563 331 Sarrano
582 277 701 330 dormiat
720 281 812 340 ostr03

116 355 218 410 Condit
236 371 301 424 opes
319 355 396 417 alius,
415 354 577 422 defossoque
595 353 705 406 incubat
723 370 803 418 auro;

117 431 172 485 Hic
189 434 284 500 stupet
301 431 435 485 attonitus
454 430 576 494 Itostris3
595 430 666 482 huuc
683 429 794 496 plausus
811 429 932 483 hiantem

119 509 172 562 l'er
189 525 289 562 cuneos
306 508 462 576 geminatus
480 508 552 561 enim
570 507 712 575 plebisque
731 512 896 574 patrumque

117 586 269 654 Corripuit3
289 583 412 653 gaudent
429 583 533 653 pertusi
552 585 684 650 sanguine
702 584 825 646 fratrum,
937 599 972 636 510

118 662 274 731 Exsilioque
293 662 388 714 domos
405 664 435 714 ct
452 660 542 712 dulcia
558 660 650 712 ltmiua
668 663 783 725 mutant,

118 741 213 806 Atque
231 739 284 791 alio
302 736 418 806 patriam
437 740 573 803 quaerunt
591 735 641 788 sub
660 736 717 788 5515
735 736 876 788 iacentem.

118 814 248 881 Agricola
265 814 375 866 incurro
393 817 495 866 terram
515 812 628 865 dimovit
646 815 753 865 aratro:

119 889 192 944 Illuc
209 890 273 943 anni
291 889 375 953 labor,
393 889 455 941 hinc
472 888 589 955 patriam
608 904 760 956 parvosque
780 887 892 940 Penatis

117 966 246 1030 Sustinet,
264 965 327 1018 hinc
345 969 469 1018 armenta
486 964 568 1022 boum
587 965 755 1031 meritosque
773 964 909 1017 iuvencos,
935 978 970 1016 515

118 1041 176 1096 Nec
194 1042 310 1111 requies,
330 1042 396 1110 quin
414 1046 462 1094 aut
479 1041 567 1108 pomis
586 1040 719 1093 exuberet
738 1056 832 1105 annus,

118 1122 178 1173 Aut
195 1119 255 1172 fetu
272 1135 408 1187 pecorum,
426 1121 474 1170 aut
493 1116 615 1169 Cerealis
633 1117 749 1182 mergite
767 1116 854 1181 culmi,

118 1195 312 1262 l'rorentuque
330 1198 426 1247 oneret
444 1193 532 1245 sulcos
550 1196 634 1260 atque
652 1192 750 1244 horrca
768 1192 862 1245 vincat.

120 1271 205 1324 Venit
222 1269 335 1338 hiemps,
354 1270 455 1323 teritur·
474 1268 598 1336 Sicyonia
616 1267 683 1320 baca
701 1268 825 1336 trapetis,

117 1346 226 1400 Glande
244 1362 305 1400 sues
323 1346 387 1399 laeti
406 1346 531 1413 redeunt,
551 1345 620 1398 dant
637 1344 736 1397 arbuta
754 1344 850 1410 silvae;
934 1360 971 1400 555

118 1422 154 1476 115
172 1422 260 1475 varios
277 1422 355 1491 ponit
372 1422 444 1475 setus
463 1426 616 1486 autumnus,
635 1425 664 1474 et
682 1420 737 1474 alte

63 1538 67 1546 .
118 1498 195 1551 Mitis
212 1499 240 1551 in
258 1499 357 1567 apricis
374 1498 500 1566 coquitur
512 1497 655 1568 ¹vindemia
673 1497 752 1550 saxis.

119 1574 230 1628 Interea
247 1572 341 1628 dulces
359 1573 481 1643 pendent
499 1573 598 1626 circum
617 1573 708 1625 oscula
726 1574 790 1639 nati,

118 1651 202 1704 Casta
218 1651 377 1719 pudicitiam
396 1653 487 1702 servat
505 1649 610 1713 domus,
628 1648 714 1701 ubera
732 1666 827 1702 vaccae

119 1726 220 1779 Lactea
238 1725 396 1791 demittunt,
415 1726 583 1794 pinguesque
601 1725 627 1777 iu
647 1725 770 1791 gramine
788 1726 860 1779 lacto
936 1739 971 1778 555

120 1802 198 1856 Inter
216 1819 245 1856 se
263 1803 385 1856 adversis
403 1802 543 1855 luctantur
560 1801 686 1853 cornibus
705 1800 792 1853 haedi.

119 1878 184 1947 lpse
202 1878 262 1931 dies
280 1878 368 1945 agitat
385 1878 477 1941 festos,
495 1878 627 1945 fususque
645 1893 694 1944 per
712 1876 831 1944 herbam,

119 1954 196 2022 Ignis
213 1953 261 2006 ubi
278 1955 306 2006 in
323 1953 416 2006 medie
435 1956 464 2005 ct
482 1953 545 2005 socii
562 1959 669 2005 cratera
687 1957 825 2018 coronant,

118 2030 164 2098 Te,
182 2030 278 2094 libans,
298 2030 412 2091 Lenaee,
430 2031 516 2093 vocat,
535 2027 696 2095 pecorisque
714 2028 852 2093 magistris

119 2105 228 2160 Vcloeis
246 2104 324 2157 iaculi
344 2103 493 2156 certamina
510 2103 587 2167 ponit
605 2102 632 2153 in
652 2101 732 2168 ulmo,
936 2117 972 2156 555

118 2183 294 2250 corporaque
312 2178 414 2247 agresti
432 2177 538 2230 nudant
555 2177 691 2244 praedura
708 2176 867 2242 palaestrae.

119 2258 200 2312 Hauc
218 2256 281 2310 oli1n
300 2260 408 2309 veteres
426 2255 509 2307 vitam
528 2253 635 2306 coluere
655 2253 756 2320 Sabini,

120 2334 200 2388 Hane
220 2333 321 2386 Remus
340 2336 369 2387 et
386 2332 479 2398 frater,
499 2329 537 2382 sic
554 2329 633 2382 fortis
654 2330 764 2382 Etruria
782 2331 869 2384 crevit

120 2409 229 2463 Scilicet
246 2412 274 2463 et
292 2424 383 2462 rerum
401 2409 474 2460 facta
492 2410 535 2459 est
553 2406 735 2473 pulcherrima
755 2405 849 2474 Itonia,

119 2486 286 2555 septemque
302 2499 357 2537 una
375 2483 425 2537 sibi
444 2499 521 2535 muro
539 2481 722 2535 circumdedit
740 2498 822 2534 arces.
939 2499 974 2536 555

120 2563 196 2616 Ante
214 2562 298 2615 etiam
316 2564 454 2628 sceptrum
474 2558 579 2610 Dictaei
598 2559 677 2626 regis,
698 2562 727 2611 et
745 2562 808 2612 ante

121 2638 210 2706 Impia
228 2654 310 2706 quam
327 2637 412 2691 caesis
430 2652 498 2704 gens
516 2639 559 2687 est
577 2635 687 2704 epulata
706 2635 833 2701 iuvencis,

121 2715 230 2768 Aureus
247 2713 315 2767 hanc
332 2713 418 2766 vitam
436 2713 464 2764 in
483 2712 565 2764 terris
584 2712 720 2765 Saturnus
739 2710 849 2778 agebat:

121 2790 246 2844 Necdum
264 2789 347 2844 etiam
365 2789 509 2842 audierant
526 2789 613 2842 inflari
633 2787 751 2854 classica,
771 2785 888 2838 necdum

122 2865 260 2935 Inpositos
278 2866 354 2919 duris
371 2866 506 2934 crepitare
524 2865 667 2918 incudibus
686 2880 770 2917 enses.
939 2873 975 2911 555

155 2943 210 2997 Sed
228 2960 276 2997 nos
293 2946 445 2999 inmensum
465 2944 558 3011 spatiis
576 2942 738 2997 confecimus
756 2954 866 3006 aequor,

121 3019 157 3072 115
173 3036 227 3142 rgam
245 3023 354 3090 tempus
373 3035 474 3089 equum
491 3018 624 3072 fumantia
642 3016 748 3071 solvere
766 3013 841 3067 eolla
