2032 3524
340 123 526 174 AENEIDOS
543 125 613 173 LIB.
632 125 683 173 XI.
894 127 940 175 301

92 206 116 260 N
120 222 154 258 on
172 206 225 258 erit
243 204 343 258 auxilio
359 197 438 258 nobis
459 205 573 258 Aetolus
592 209 621 258 et
640 205 722 272 Arpi:

91 283 133 336 At
152 281 294 348 Messapus
312 280 372 346 erit,
390 280 511 348 felixque
529 280 694 346 Tolumnius,
713 283 743 333 et
760 297 828 348 quos

91 357 143 410 Tot
160 357 252 425 populi
270 356 368 408 misere
387 355 484 420 duces3
502 372 552 408 nee
570 371 654 422 parva
672 358 802 421 sequetur
905 367 942 409 aas

91 432 183 486 Gloria
201 432 320 484 delectos
339 431 417 484 Latio
435 435 464 484 et
484 431 667 484 Laurentibus
685 431 766 497 agris.

91 508 141 560 list
159 512 187 560 ct
206 507 365 559 Volscorum
384 508 495 574 egregia
513 507 547 559 de
566 510 650 573 gente
670 506 791 574 Camilla,

49 638 54 648 ¹
92 586 199 651 Agmen
217 599 300 650 agens
318 584 440 650 equitum
459 586 487 635 et
505 583 626 636 florentis
644 600 707 636 aere
724 586 854 638 catervas.

91 659 210 723 Quodsi
228 675 272 711 me
289 659 375 711 solum
394 658 490 710 Teucri
508 659 535 709 in
554 659 703 712 certamina
720 663 843 726 poscunt,

91 735 179 803 quue
196 736 293 804 placet,
311 739 473 801 tantumque
491 734 569 786 bonis
588 735 776 787 communibus
793 735 880 802 obsto,
904 749 939 788 aas

89 810 115 863 N
117 828 152 862 on
169 811 238 863 adeo
255 811 304 863 has
322 826 403 862 exosa
421 827 517 863 manus
536 810 659 863 Victoria
676 811 754 878 fugit,
980 817 982 821 '

89 886 129 939 Ut
147 890 225 939 tanta
243 887 388 954 quicquam
407 903 456 953 pro
474 903 523 954 spe
541 889 678 953 temptare
696 902 827 938 recusem.

90 960 140 1013 Ibo
158 961 254 1013 animis
272 965 373 1027 eontra,
392 963 435 1014 vel
453 978 582 1028 magnum
600 966 723 1028 praestet
742 961 869 1014 Achillen

90 1035 228 1104 Factaque
246 1037 359 1090 Volcani
377 1037 501 1090 manibus
518 1037 595 1105 paria
612 1037 708 1089 induat
723 1051 801 1088 arma

86 1110 231 1166 {delicet
267 1113 352 1167 Vobis
371 1115 488 1167 animam
506 1113 575 1165 hane
594 1129 741 1180 soceroque
761 1111 859 1164 Latino
903 1125 939 1164 mo

88 1187 195 1241 Turnus
213 1204 271 1256 ego,
289 1190 362 1242 haud
380 1191 427 1243 ulli
446 1193 569 1242 veterum
588 1189 689 1240 virtute
709 1186 851 1254 secundus,

88 1262 196 1316 Devovi.
233 1265 345 1317 “Solum
366 1266 473 1318 Aeneas
491 1264 590 1316 vocat.'’
628 1264 664 1317 Et
682 1267 760 1316 vocet
777 1278 825 1314 oro
832 1281 840 1327 3

88 1338 146 1391 Nec
165 1339 286 1392 Drances
304 1341 401 1408 potius,
420 1341 477 1393 sive
496 1343 538 1392 est
556 1339 624 1392 haec
641 1340 682 1391 ira
699 1339 822 1405 deorum,

88 1413 179 1467 Morte
197 1416 261 1483 luat,
281 1417 337 1469 sive
356 1420 399 1469 est
417 1417 504 1469 virtus
523 1420 551 1468 et
568 1416 664 1483 gloria,
682 1416 769 1469 tollat

123 1490 167 1543 llli
186 1491 253 1544 haec
270 1492 342 1545 inter
360 1509 389 1545 se
408 1493 498 1544 dubiis
518 1492 652 1544 derebus
670 1492 788 1558 agebant
902 1502 939 1542 445

87 1566 247 1620 Certantesz
271 1572 362 1621 castra
382 1571 489 1620 Aeneas
508 1568 647 1634 aciemque
664 1567 797 1621 movebat.

87 1641 207 1695 Nuntius
224 1643 328 1710 ingenti
346 1660 396 1710 per
414 1643 489 1709 regia
507 1645 580 1695 tecta
597 1644 718 1697 tumultu

87 1715 156 1770 licee
174 1719 236 1784 ruit,
255 1720 413 1787 magnisque
431 1718 527 1771 urbem
546 1719 696 1772 terroribus
714 1720 811 1787 inplet:

88 1792 240 1847 Instructos
258 1797 316 1847 acic
334 1795 459 1847 Tiberino
477 1811 494 1848 a
511 1795 621 1850 flumine
640 1796 758 1848 Teucros
998 1858 1007 1872 ·

85 1868 306 1938 Tyrrhenamque
325 1887 433 1922 manum
452 1871 519 1925 totis
537 1871 705 1925 descendere
722 1871 830 1938 campis.
901 1886 936 1925 rso

88 1944 231 2013 Extemplo
250 1946 354 1999 turbati
372 1947 454 1998 animi
472 1963 655 2014 concussaque
674 1948 745 2014 volgi

88 2019 208 2087 Pectora,
226 2025 255 2074 et
272 2026 396 2075 arrectae
415 2022 533 2074 stimulis
551 2022 624 2073 haud
643 2022 769 2074 mollibus
787 2022 851 2075 ime.

89 2098 172 2148 Arma
189 2113 270 2150 manu
289 2097 391 2165 trepidi
409 2102 539 2165 poscunt3
557 2098 650 2150 fremit
668 2114 743 2149 arma
760 2096 894 2166 iuventus,

87 2170 165 2224 lllcnt
183 2173 281 2224 maesti
297 2178 475 2240 mussantque
491 2178 590 2240 patres.
629 2173 683 2225 Hic
699 2172 819 2240 undique
833 2174 933 2228 elamor

83 2245 219 2300 *Dissensu
236 2249 310 2300 vario
328 2266 441 2314 magnus
461 2266 489 2301 se
507 2249 580 2301 tollit
598 2249 634 2301 ad
652 2265 745 2301 auras:
897 2266 933 2304 sss

88 2322 170 2374 Haud
189 2328 367 2391 accusatque
389 2324 444 2376 alto
463 2326 489 2375 in
510 2325 569 2377 luco
587 2341 648 2375 eum
666 2324 737 2376 forte
755 2328 880 2380 catervae

87 2395 241 2450 Consedere
260 2400 358 2464 avium,
377 2401 515 2467 piscosove
534 2417 613 2452 anme
634 2399 758 2452 Padusae

87 2471 156 2526 Dant
174 2474 292 2526 sonitum
310 2477 383 2527 rauci
402 2493 452 2542 per
470 2479 565 2541 stagna
584 2475 706 2541 loquacia
723 2474 803 2541 cycni.

84 2548 178 2616 immo,
196 2550 241 2617 ait,
259 2568 275 2602 o
294 2551 374 2618 cives,
392 2555 501 2620 arrepto
520 2555 644 2618 tempore
662 2550 775 2616 Turnus,

83 2623 178 2690 Cogite
197 2627 345 2693 concilium,
365 2631 393 2680 et
410 2644 504 2695 pacem
522 2627 633 2680 laudate
652 2626 791 2680 sedentes:
899 2640 932 2679 eeu

84 2699 128 2753 Illi
146 2701 228 2754 armis
246 2703 272 2753 in
290 2720 376 2770 regna
394 2707 482 2755 ruant.
522 2704 547 2754 N
550 2720 579 2755 cc
597 2702 680 2769 plura
693 2701 798 2752 locutus
900 2748 901 2751 ,

83 2773 222 2842 Corripuit
240 2794 299 2830 sese
318 2781 347 2830 ct
364 2780 444 2831 tectis
463 2781 534 2830 citus
553 2778 652 2830 extulit
670 2777 739 2828 altis.

82 2849 129 2916 Tu,
148 2850 259 2918 VoluseJ
275 2855 374 2906 armari
394 2854 553 2906 Volscorum
573 2853 649 2905 edice
667 2847 805 2917 maniplis:

82 2924 148 2992 Due,
165 2927 212 2994 ait,
230 2931 258 2979 et
277 2928 400 2981 ltutulos.
437 2930 572 2998 Equitem,
591 2929 740 2996 Messapus,
759 2927 895 2994 inaneis,

23 3014 27 3020 ’
82 3000 118 3052 llt
136 3017 196 3054 eum
214 3005 300 3056 fratre
319 3006 410 3067 Coras,
429 3005 493 3057 latis
512 3004 657 3057 diffundite
676 3003 786 3070 campis.
894 3016 929 3055 ros

83 3075 149 3128 Pars
166 3078 258 3130 aditus
276 3079 352 3132 urbis
370 3080 469 3145 firmet,
487 3081 626 3147 turrisque
644 3081 781 3146 mlressat3

82 3151 188 3219 Cetera,
206 3169 261 3220 qua
278 3155 357 3219 iusso,
376 3172 481 3208 mecum
500 3172 596 3208 manus
614 3155 714 3208 inferat
731 3170 821 3208 anna.¹
