2034 3944
100 130 144 174 lin
328 124 358 171 P.
376 122 530 171 VERGILI
547 122 714 172 Mssoms

97 204 233 256 lionstrat
251 206 311 261 iter.
330 221 438 272 quaque
456 203 577 257 ostendit
596 222 625 257 se
644 205 750 274 dextra,
767 222 806 263 sot
834 200 940 263 fflt'

96 281 234 333 Mutcmus
253 283 359 346 clipeos,
381 281 558 346 llauuumquc
578 281 694 348 iusignia
712 282 791 337 nobi!
951 288 954 293 '

98 360 238 424 Aptenms.
276 358 360 410 llelus
372 374 406 409 au
419 358 513 421 virtus,
527 357 588 424 quis
600 358 628 410 in
641 359 720 413 hoste
734 359 876 428 requimti
908 374 947 417 m

97 437 182 485 iluna
201 433 304 486 dubunt
322 432 381 499 ipsi.
418 432 462 485 Sic
479 432 559 499 satus,
579 431 678 488 deindo
696 439 848 489 comantem

96 510 237 576 Androgei
255 509 361 576 galcam
379 509 514 576 clipeique
531 509 638 577 insigne
656 510 784 565 decorum

98 587 231 649 lnduitur‚
250 586 385 653 laterique
403 586 537 653 Argivum
555 585 747 642 adcommodat
763 605 863 644 ensem

96 662 154 715 lloe
175 663 302 729 Rhipeus
321 661 373 717 hoc
390 662 449 730 ipse
468 661 570 731 Dymss
587 663 728 733 omnisque
745 665 873 721 inventus

95 738 180 792 Laeta
197 739 277 802 fucit;
296 738 388 806 spoliis
406 754 436 792 se
454 740 570 809 quisque
587 740 743 795 recentibus
761 745 858 796 armat
910 757 946 796 sss

96 815 227 868 Vadimus
245 815 352 868 inmixti
372 813 474 868 Densis
492 814 567 869 haud
584 816 694 870 nurnine
711 821 813 885 nostro,

96 891 236 959 llidtaquo
254 908 303 959 per
322 906 429 945 enecans
447 891 585 959 congressi
604 892 707 960 proelia
724 896 832 947 nectem

94 969 274 1034 Conscrimus,
293 967 394 1021 multos
413 965 538 1020 Densum
557 966 729 1021 demittimus
748 969 826 1023 Oreo.

94 1043 244 1110 Diffugiunt
262 1043 307 1096 alii
326 1042 363 1096 ad
380 1040 465 1109 nevis,
483 1034 514 1096 et
530 1042 613 1097 litora
629 1059 711 1097 cursu

93 1119 162 1172 Fida
180 1124 292 1187 petunt:
311 1135 376 1188 pars
394 1119 533 1187 ingentem
550 1118 696 1173 formidine
713 1120 788 1188 turpi
907 1131 945 1172 sto

93 1197 232 1248 Sceriduut
250 1213 344 1248 rursus
362 1211 464 1263 equum
481 1198 512 1248 et
529 1198 595 1248 notu
612 1194 767 1249 conduntur
783 1196 811 1248 in
828 1196 895 1248 ulvo.

127 1272 190 1323 lleu
208 1273 272 1324 nihil
291 1271 384 1323 invitis
400 1271 441 1323 fas
459 1286 624 1339 quemquem
643 1269 729 1325 fidere
747 1270 830 1324 divis!

93 1346 160 1399 Ecce
178 1348 338 1399 trahebatur
355 1347 443 1415 passis
463 1345 600 1401 Priameia
619 1347 695 1415 virgo

91 1422 217 1475 Crinibus
237 1441 253 1475 a
272 1422 375 1490 templo
395 1421 547 1475 Cassandra
564 1421 709 1491 adytisque
726 1423 873 1488 Minervae,

92 1498 138 1551 Ad
155 1500 259 1551 caelum
277 1498 394 1551 tendens
412 1496 538 1551 ardentis
555 1496 658 1552 lumina
675 1498 785 1564 frustra,
906 1510 944 1550 oo

91 1572 212 1638 Lumina,
231 1591 293 1626 nam
312 1577 423 1626 teneras
440 1572 570 1627 arcebant
588 1574 695 1628 vincula
711 1574 838 1642 palmus*

90 1649 152 1701 Non
172 1651 234 1703 tulit
252 1650 321 1703 liene
340 1649 457 1718 speciem
473 1649 575 1704 furiata
593 1654 686 1705 mente
704 1651 850 1718 Coroebus,

91 1725 127 1778 Et
146 1744 205 1779 sose
224 1727 346 1779 medium
364 1726 459 1780 iniecit
475 1727 616 1795 periturus
633 1727 661 1780 in
680 1743 788 1795 agmen.

90 1800 288 1870 Consequimur
305 1801 396 1857 cuncti
414 1805 444 1857 et
461 1801 552 1855 densis
570 1803 733 1856 incurrimus
750 1803 837 1857 amris

90 1877 144 1929 Hic
161 1879 279 1945 primum
297 1895 331 1931 ex
349 1877 405 1932 ulto
423 1877 531 1931 delubri
548 1879 665 1934 culmine
682 1879 745 1933 telis
900 1890 943 1930 -slo

90 1954 253 2006 Nostrorum
273 1954 420 2021 obruimur,
439 1955 581 2023 oriturque
600 1955 751 2009 miserrima
769 1956 866 2008 caedes

90 2031 238 2083 Annorum
257 2031 324 2083 facie
344 2035 372 2084 et
392 2031 536 2084 Graiarum
555 2049 648 2085 errore
666 2031 797 2084 iubarum.

89 2103 158 2158 'luni
177 2106 264 2159 Dauni
282 2108 386 2174 gemitu
404 2110 489 2176 atque
508 2111 618 2175 creptae
637 2108 748 2174 virginis
766 2107 807 2158 ira

90 2180 219 2250 Undique
238 2184 343 2236 collecti
361 2183 502 2250 invadunt,
521 2185 670 2236 acerrimus
689 2183 769 2246 Aiax,

91 2256 125 2308 nt
136 2259 236 2323 gemini
252 2260 374 2325 Atridae,
388 2259 578 2326 Dolopumque
592 2254 727 2312 exercitus
746 2257 847 2318 omnis;
905 2269 941 2308 415

92 2333 207 2384 Adversi
228 2339 308 2399 rupto
327 2351 376 2386 eeu
395 2334 532 2401 quondam
552 2335 662 2386 turbine
681 2332 756 2385 venti

89 2406 249 2474 (lonlligunt
269 2409 462 2475 Zephyrusque
482 2409 626 2477 Notusque
645 2412 674 2461 ct
691 2408 779 2460 laetus
798 2406 861 2458 Eois

91 2480 178 2534 Eurus
197 2483 289 2549 equis;
306 2483 426 2535 stridunt
445 2484 536 2548 silvae,
556 2486 699 2553 saevitque
719 2483 832 2535 tridenti

89 2557 221 2624 Spumeus
240 2562 323 2624 atque
341 2559 395 2610 imo
414 2559 521 2611 Nereus
540 2560 593 2612 ciet
612 2577 730 2627 aequora
747 2559 838 2611 fundo.

90 2632 134 2685 llli
152 2633 241 2698 etiarn,
260 2635 282 2685 si
301 2651 369 2700 ques
387 2634 501 2687 obscura
520 2640 600 2689 noeto
621 2653 671 2703 per
688 2635 812 2688 umbram
906 2646 942 2684 mo

89 2708 221 2762 Fudimus
238 2710 343 2762 insidiis
360 2713 474 2779 totoque
493 2711 658 2777 agitavimus
677 2711 752 2776 urbe,

89 2784 246 2854 Adparent3
265 2786 344 2854 primi
362 2786 463 2854 clipeos
481 2788 653 2856 mentitaque
672 2788 727 2840 tela

90 2861 277 2929 Adgnoscuut,
296 2866 380 2930 atque
398 2878 445 2914 orn
465 2878 530 2914 sono
550 2862 685 2916 discordia
704 2864 819 2930 signant.

90 2934 168 2991 Ilicet
186 2938 327 2992 obruimur
344 2953 472 3001 numer03
491 2938 649 3005 primusque
669 2938 807 2992 Coroebus

89 3010 197 3068 Penelei
215 3015 314 3069 dextra
332 3015 410 3066 divae
428 3014 616 3080 armipotentis
634 3016 670 3066 ad
687 3032 761 3068 arom
904 3027 941 3069 tto

88 3087 260 3157 I'rooumbit;
279 3092 352 3144 eadit
371 3092 400 3142 et
419 3087 548 3156 Rhipeus,
567 3089 731 3144 iustissimus
749 3108 819 3144 unus

88 3164 141 3230 Qui
158 3165 211 3220 suit
227 3167 256 3220 in
275 3166 385 3220 Teucris
402 3168 432 3218 et
451 3163 669 3217 servantissimus
688 3167 783 3235 aequi;
