2032 3524
86 121 133 167 296
322 120 350 166 P.
369 116 523 165 VERGILI
540 114 704 167 MARONIS

86 200 233 253 'favitorum
252 201 373 269 inpensis
391 214 520 267 opernm3
539 197 577 250 nil
595 197 668 253 dona
684 215 774 269 neque
791 212 889 251 aurum

87 275 145 327 Nec
163 293 275 342 rivagnas
292 276 409 329 valvvisse
427 289 535 341 preces;
558 273 613 327 alia
630 292 707 329 arma
726 274 832 329 latinis

88 352 257 415 Quaerenda,
275 359 324 406 ant
342 367 435 419 pamm
454 349 570 401 'l'roiano
587 350 622 402 ab
640 370 705 421 rege
723 350 881 420 petendum.
899 362 934 402 rso

90 428 187 479 ilelieit
206 428 309 494 ingenti
329 429 404 480 luctu
422 444 470 478 rex
489 425 548 492 ipse
568 426 686 483 Latinus.

88 503 210 556 Fatalem
230 506 342 557 Aenean
361 502 505 556 rnanifcsto
522 502 633 556 numine
651 505 715 557 fervi

88 579 228 632 Admonet
246 580 287 632 ira
305 580 387 633 ileum
406 577 558 645 tnnmlique
575 582 640 632 ante
657 596 705 633 ora
722 581 854 632 recentes

88 653 160 722 llrgo
178 656 320 708 concilium
339 670 465 721 magnum
484 653 640 722 primosque
659 671 768 709 snorum

88 731 198 799 Inperio
215 731 318 784 accitos
336 731 391 784 alta
409 730 482 782 intra
500 729 593 782 limina
610 732 690 799 cogit.

87 807 140 859 (llll
160 824 317 873 corn'enere,
337 807 480 874 fluuntque
498 804 534 858 ad
551 807 627 873 regia
644 807 732 875 plenis

87 883 169 936 'loebe
187 883 245 936 viis.
281 883 366 936 Sedet
384 882 411 934 in
429 880 527 935 mediis
545 885 574 934 ct
592 898 735 937 maxumus
752 896 820 935 aevo

91 960 124 1011 llt
142 960 246 1027 primus
264 960 385 1027 sceptris,
403 958 477 1011 haud
495 957 567 1010 laeta
583 959 680 1027 fronte,
699 959 818 1012 Latinus

90 1039 182 1103 Atque
200 1036 244 1089 hic
261 1037 366 1104 legatos
385 1034 486 1088 Aetola
503 1050 537 1086 ex
556 1034 623 1087 urbe
641 1036 774 1103 remissos,

87 1118 162 1174 Qum
180 1113 307 1178 referant,
325 1112 376 1165 fari
394 1110 478 1175 iubet,
498 1115 526 1162 et
544 1127 673 1178 responsa
690 1113 811 1179 reposcit
896 1127 934 1183 sa

88 1189 190 1241 inaline
208 1194 305 1241 cuncta
323 1204 378 1241 suo.
414 1187 483 1239 Tum
500 1186 573 1238 fracta
591 1187 699 1240 silentia
715 1188 822 1257 linguis,

90 1264 124 1316 lit
146 1265 265 1317 l'enulns
284 1265 357 1317 (licto
375 1280 474 1332 parens
492 1263 530 1315 ita
547 1262 631 1315 farier
649 1263 723 1318 infit:

124 1340 257 1401 Vidimus,
276 1358 292 1391 o
311 1341 389 1405 cives,
409 1339 570 1391 Diomedem
590 1340 748 1407 Argivaque
765 1344 862 1410 eastra,

91 1422 182 1483 Atque
200 1416 254 1469 iter·
272 1417 372 1469 emensi
391 1432 468 1468 ersus
487 1415 672 1482 superavimus
689 1416 784 1482 onmis,

89 1493 311 1560 Contigimnsqno
329 1508 446 1557 mmmm,
465 1508 519 1558 qna
536 1490 653 1544 concidit
672 1491 724 1543 Ilia
740 1491 830 1545 tellus
897 1506 935 1547 m

89 1566 139 1618 llic
159 1567 253 1619 urbem
275 1568 438 1634 Argyripam
456 1567 562 1636 patriae
580 1567 736 1633 cognomine
753 1567 844 1635 gentis

89 1642 184 1695 i'ietor
202 1644 320 1710 Gargani
341 1643 476 1696 eornlcbat
495 1643 604 1711 Iapygis
622 1643 701 1710 agris.

91 1717 236 1785 Postquam
254 1720 413 1785 introgressi
433 1722 461 1772 et
479 1735 569 1771 coram
587 1718 653 1771 data
670 1719 747 1787 copia
763 1718 846 1789 andi,

88 1793 203 1846 Munera
220 1795 406 1862 pmcserirnus,
426 1812 523 1847 rmmen
542 1795 714 1863 patriamque
732 1795 876 1862 docemus;

89 1870 139 1932 Qui
153 1869 253 1922 bellum
268 1871 416 1937 intulerint,
427 1888 497 1937 qnae
509 1888 604 1923 caussa
616 1871 762 1924 attraxerit
777 1873 865 1939 Arpos
899 1886 936 1927 m

90 1946 200 1998 Auditis
219 1947 264 1999 ille
283 1947 348 1999 haee
365 1946 472 2014 placido
490 1947 528 1999 sic
545 1946 667 1999 reddidit
685 1963 744 2000 ore:

88 2024 111 2071 l)
130 2021 283 2075 fortunatae
301 2028 404 2089 gentes,
424 2022 552 2075 Saturnia
569 2039 659 2089 regna,

89 2098 203 2165 Antiqui
224 2099 345 2165 Ausonii,
364 2115 434 2165 qnae
451 2114 499 2149 vos
516 2098 626 2150 fortuna
644 2097 751 2164 quietos

88 2173 229 2239 Sollicitat,
250 2174 401 2242 suadetque
419 2174 513 2240 ignota
530 2173 663 2225 lacessere
680 2172 769 2227 bellai

88 2250 257 2317 Quicumque
277 2250 373 2302 lliacos
391 2249 463 2301 servo
481 2248 639 2300 violavimus
657 2264 781 2316 egroa-
899 2262 937 2305 η

88 2324 170 2377 Mitto
189 2342 226 2390 ea,
245 2342 315 2393 qnae
333 2325 418 2377 rnnns
436 2322 562 2376 bellando
581 2323 715 2377 exhausta
732 2325 784 2378 sub
800 2324 873 2393 allis,

88 2403 160 2465 (tuos
180 2401 277 2453 Simois
295 2403 402 2467 premat
418 2399 464 2451 illo
482 2399 698 2452 viros—infanda
715 2416 765 2468 per
782 2399 876 2454 orbem

87 2476 224 2545 Supplicia
242 2481 271 2529 et
289 2476 420 2529 scelerum
438 2492 539 2541 rvocnas
558 2475 737 2543 expendimus
754 2492 856 2544 omnes,

89 2552 140 2605 Vel
160 2553 268 2605 Priamo
287 2551 440 2604 miseranda
457 2566 566 2616 manus;
585 2551 636 2604 seit
654 2552 736 2605 triste
754 2552 896 2607 Minervas

88 2628 169 2679 Sidus
187 2633 216 2680 et
236 2628 370 2680 Euboicae
388 2630 481 2679 cautes
499 2627 626 2693 ulbvrqnc
645 2626 809 2695 Caphereus.
899 2642 937 2683 m

88 2704 187 2756 Militia
205 2721 238 2755 ex
257 2704 303 2755 illa
321 2704 459 2756 diversum
477 2702 513 2754 ad
531 2703 597 2754 litus
616 2703 705 2756 abacti

89 2779 203 2832 Atrides
223 2779 315 2833 Protei
333 2779 473 2831 Menelaus
492 2779 614 2843 adusque
634 2779 771 2831 columnas

89 2856 209 2920 Exsnlat,
231 2857 369 2908 Aetnaeos
390 2855 459 2907 vidit
479 2854 610 2921 Cyclopas
632 2854 734 2907 Ulixes.

90 2933 186 2998 ltegna
205 2930 377 2997 Nerptolemi
399 2930 524 2996 referam,
547 2945 695 2998 versosque
712 2930 822 2998 penatis

90 3007 246 3060 ldmneneil
269 3006 403 3071 Libycone
423 3005 574 3058 habitantis
593 3004 673 3057 litere
693 3005 810 3058 Locrosi

91 3085 152 3150 lpse
172 3083 334 3149 Mycenaeus
352 3098 511 3148 magnorum
533 3081 630 3134 ductor
649 3081 782 3134 Achivom

88 3157 217 3224 Coniugis
238 3157 365 3211 infandae
383 3156 471 3226 prima
489 3157 563 3211 intra
581 3156 673 3210 limina
690 3156 789 3213 dextra
919 3160 947 3239 ἦ
