<?xml version="1.0" encoding="UTF-8"?>
<!DOCTYPE html PUBLIC "-//W3C//DTD XHTML 1.0 Transitional//EN"
    "http://www.w3.org/TR/xhtml1/DTD/xhtml1-transitional.dtd">
<html xmlns="http://www.w3.org/1999/xhtml" xml:lang="en" lang="en">
 <head>
  <title>
</title>
<meta http-equiv="Content-Type" content="text/html;charset=utf-8" />
  <meta name='ocr-system' content='tesseract 3.04.00' />
  <meta name='ocr-capabilities' content='ocr_page ocr_carea ocr_par ocr_line ocrx_word'/>
</head>
<body>
  <div class='ocr_page' id='page_1' title='image "./publivergilimar01virggoog/publivergilimar01virggoog_0300.png"; bbox 0 0 2032 3524; ppageno 0'>
   <div class='ocr_carea' id='block_1_1' title="bbox 325 115 929 170">
    <p class='ocr_par' dir='ltr' id='par_1_1' title="bbox 325 115 929 170">
     <span class='ocr_line' id='line_1_1' title="bbox 325 115 929 170; baseline 0.012 -8"><span class='ocrx_word' id='word_1_1' title='bbox 325 115 506 163; x_wconf 83' lang='lat' dir='ltr'>AENEIDOS</span> <span class='ocrx_word' id='word_1_2' title='bbox 523 115 593 164; x_wconf 89' lang='lat' dir='ltr'><strong>LIB.</strong></span> <span class='ocrx_word' id='word_1_3' title='bbox 612 117 662 165; x_wconf 92' lang='lat' dir='ltr'><strong>XI.</strong></span> <span class='ocrx_word' id='word_1_4' title='bbox 883 121 929 170; x_wconf 79' lang='lat'><strong>291</strong></span> 
     </span>
    </p>
   </div>
   <div class='ocr_carea' id='block_1_2' title="bbox 77 194 931 3142">
    <p class='ocr_par' dir='ltr' id='par_1_2' title="bbox 77 194 931 3142">
     <span class='ocr_line' id='line_1_2' title="bbox 116 194 893 268; baseline 0.003 -18"><span class='ocrx_word' id='word_1_5' title='bbox 116 195 160 251; x_wconf 82' lang='lat' dir='ltr'><strong>sie</strong></span> <span class='ocrx_word' id='word_1_6' title='bbox 178 194 218 249; x_wconf 87' lang='lat' dir='ltr'><strong>ait</strong></span> <span class='ocrx_word' id='word_1_7' title='bbox 236 195 408 248; x_wconf 79' lang='lat' dir='ltr'><strong>inlacrimans</strong></span> <span class='ocrx_word' id='word_1_8' title='bbox 426 194 579 262; x_wconf 75' lang='lat' dir='ltr'>recipitque</span> <span class='ocrx_word' id='word_1_9' title='bbox 597 197 633 249; x_wconf 93' lang='lat' dir='ltr'><strong>ad</strong></span> <span class='ocrx_word' id='word_1_10' title='bbox 651 197 744 253; x_wconf 88' lang='lat' dir='ltr'><strong>limina</strong></span> <span class='ocrx_word' id='word_1_11' title='bbox 761 215 893 268; x_wconf 81' lang='lat' dir='ltr'>gressum,</span> 
     </span>
     <span class='ocr_line' id='line_1_3' title="bbox 78 271 931 340; baseline 0.004 -15"><span class='ocrx_word' id='word_1_12' title='bbox 78 271 249 340; x_wconf 78' lang='lat' dir='ltr'><strong>Corpusubi</strong></span> <span class='ocrx_word' id='word_1_13' title='bbox 269 271 385 324; x_wconf 86' lang='lat' dir='ltr'><strong>exanimi</strong></span> <span class='ocrx_word' id='word_1_14' title='bbox 404 271 523 339; x_wconf 91' lang='lat' dir='ltr'><strong>positum</strong></span> <span class='ocrx_word' id='word_1_15' title='bbox 543 271 674 326; x_wconf 89' lang='lat' dir='ltr'><strong>Pallantis</strong></span> <span class='ocrx_word' id='word_1_16' title='bbox 693 276 813 328; x_wconf 76' lang='lat' dir='ltr'><strong>Acoetes</strong></span> <span class='ocrx_word' id='word_1_17' title='bbox 906 288 931 328; x_wconf 77' lang='lat' dir='ltr'><strong>so</strong></span> 
     </span>
     <span class='ocr_line' id='line_1_4' title="bbox 78 347 706 414; baseline 0.003 -13"><span class='ocrx_word' id='word_1_18' title='bbox 78 348 213 401; x_wconf 82' lang='lat' dir='ltr'><strong>Servabat</strong></span> <span class='ocrx_word' id='word_1_19' title='bbox 231 348 327 413; x_wconf 89' lang='lat' dir='ltr'><strong>senior,</strong></span> <span class='ocrx_word' id='word_1_20' title='bbox 347 348 393 414; x_wconf 92' lang='lat' dir='ltr'><strong>qui</strong></span> <span class='ocrx_word' id='word_1_21' title='bbox 415 347 559 400; x_wconf 86' lang='lat' dir='ltr'><strong>Parrhasio</strong></span> <span class='ocrx_word' id='word_1_22' title='bbox 578 348 706 403; x_wconf 84' lang='lat' dir='ltr'><strong>Euandro</strong></span> 
     </span>
     <span class='ocr_line' id='line_1_5' title="bbox 79 423 758 494; baseline 0.004 -17"><span class='ocrx_word' id='word_1_23' title='bbox 79 424 209 491; x_wconf 80' lang='lat' dir='ltr'><strong>Armiger</strong></span> <span class='ocrx_word' id='word_1_24' title='bbox 227 427 291 476; x_wconf 90' lang='lat' dir='ltr'><strong>ante</strong></span> <span class='ocrx_word' id='word_1_25' title='bbox 310 423 370 489; x_wconf 85' lang='lat' dir='ltr'><strong>fuit,</strong></span> <span class='ocrx_word' id='word_1_26' title='bbox 390 424 509 475; x_wconf 83' lang='lat' dir='ltr'><strong>sednon</strong></span> <span class='ocrx_word' id='word_1_27' title='bbox 529 424 653 478; x_wconf 85' lang='lat' dir='ltr'><strong>felicibus</strong></span> <span class='ocrx_word' id='word_1_28' title='bbox 671 443 758 494; x_wconf 89' lang='lat' dir='ltr'><strong>aeque</strong></span> 
     </span>
     <span class='ocr_line' id='line_1_6' title="bbox 77 499 791 569; baseline 0.004 -16"><span class='ocrx_word' id='word_1_29' title='bbox 77 501 146 553; x_wconf 76' lang='lat' dir='ltr'><strong>&#39;lum</strong></span> <span class='ocrx_word' id='word_1_30' title='bbox 165 516 254 553; x_wconf 89' lang='lat' dir='ltr'><strong>eomes</strong></span> <span class='ocrx_word' id='word_1_31' title='bbox 273 501 400 569; x_wconf 79' lang='lat' dir='ltr'><strong>auspiciis</strong></span> <span class='ocrx_word' id='word_1_32' title='bbox 418 517 480 552; x_wconf 90' lang='lat' dir='ltr'><strong>earo</strong></span> <span class='ocrx_word' id='word_1_33' title='bbox 499 499 579 553; x_wconf 89' lang='lat' dir='ltr'><strong>datus</strong></span> <span class='ocrx_word' id='word_1_34' title='bbox 598 501 656 555; x_wconf 91' lang='lat' dir='ltr'><strong>ibat</strong></span> <span class='ocrx_word' id='word_1_35' title='bbox 677 503 791 556; x_wconf 83' lang='lat' dir='ltr'><strong>alumno.</strong></span> 
     </span>
     <span class='ocr_line' id='line_1_7' title="bbox 78 576 898 646; baseline 0.002 -16"><span class='ocrx_word' id='word_1_36' title='bbox 78 577 187 630; x_wconf 80' lang='lat' dir='ltr'><strong>Circum</strong></span> <span class='ocrx_word' id='word_1_37' title='bbox 205 577 292 629; x_wconf 90' lang='lat' dir='ltr'><strong>omnis</strong></span> <span class='ocrx_word' id='word_1_38' title='bbox 310 576 496 644; x_wconf 89' lang='lat' dir='ltr'><strong>famulumque</strong></span> <span class='ocrx_word' id='word_1_39' title='bbox 515 593 610 630; x_wconf 87' lang='lat' dir='ltr'><strong>manus</strong></span> <span class='ocrx_word' id='word_1_40' title='bbox 629 578 798 646; x_wconf 84' lang='lat' dir='ltr'><strong>Troianaque</strong></span> <span class='ocrx_word' id='word_1_41' title='bbox 815 578 898 632; x_wconf 81' lang='lat' dir='ltr'><strong>turbs</strong></span> 
     </span>
     <span class='ocr_line' id='line_1_8' title="bbox 78 651 930 708; baseline 0.002 -2"><span class='ocrx_word' id='word_1_42' title='bbox 78 651 115 706; x_wconf 82' lang='lat' dir='ltr'><strong>Et</strong></span> <span class='ocrx_word' id='word_1_43' title='bbox 132 657 265 706; x_wconf 84' lang='lat' dir='ltr'><strong>maestum</strong></span> <span class='ocrx_word' id='word_1_44' title='bbox 286 653 387 705; x_wconf 84' lang='lat' dir='ltr'><strong>iliades</strong></span> <span class='ocrx_word' id='word_1_45' title='bbox 405 653 507 706; x_wconf 88' lang='lat' dir='ltr'><strong>crinem</strong></span> <span class='ocrx_word' id='word_1_46' title='bbox 526 654 561 706; x_wconf 92' lang='lat' dir='ltr'><strong>de</strong></span> <span class='ocrx_word' id='word_1_47' title='bbox 579 670 655 706; x_wconf 92' lang='lat' dir='ltr'><strong>more</strong></span> <span class='ocrx_word' id='word_1_48' title='bbox 673 655 785 708; x_wconf 87' lang='lat' dir='ltr'><strong>solutae.</strong></span> <span class='ocrx_word' id='word_1_49' title='bbox 905 669 930 707; x_wconf 78' lang='lat' dir='ltr'><strong>ss</strong></span> 
     </span>
     <span class='ocr_line' id='line_1_9' title="bbox 79 729 728 796; baseline 0 -13"><span class='ocrx_word' id='word_1_50' title='bbox 79 729 117 783; x_wconf 92' lang='lat' dir='ltr'><strong>Ut</strong></span> <span class='ocrx_word' id='word_1_51' title='bbox 134 746 199 784; x_wconf 81' lang='lat' dir='ltr'><strong>vero</strong></span> <span class='ocrx_word' id='word_1_52' title='bbox 218 732 328 783; x_wconf 80' lang='lat' dir='ltr'><strong>Aeneas</strong></span> <span class='ocrx_word' id='word_1_53' title='bbox 345 729 448 782; x_wconf 84' lang='lat' dir='ltr'><strong>foribus</strong></span> <span class='ocrx_word' id='word_1_54' title='bbox 467 746 527 782; x_wconf 86' lang='lat' dir='ltr'><strong>sese</strong></span> <span class='ocrx_word' id='word_1_55' title='bbox 546 729 640 783; x_wconf 87' lang='lat' dir='ltr'><strong>intulit</strong></span> <span class='ocrx_word' id='word_1_56' title='bbox 658 730 728 796; x_wconf 89' lang='lat' dir='ltr'><strong>altis,</strong></span> 
     </span>
     <span class='ocr_line' id='line_1_10' title="bbox 79 803 762 873; baseline 0.003 -15"><span class='ocrx_word' id='word_1_57' title='bbox 79 803 222 872; x_wconf 88' lang='lat' dir='ltr'><strong>Ingentem</strong></span> <span class='ocrx_word' id='word_1_58' title='bbox 241 806 375 873; x_wconf 80' lang='lat' dir='ltr'><strong>gemitum</strong></span> <span class='ocrx_word' id='word_1_59' title='bbox 393 805 481 858; x_wconf 86' lang='lat' dir='ltr'><strong>tunsis</strong></span> <span class='ocrx_word' id='word_1_60' title='bbox 498 806 534 858; x_wconf 93' lang='lat' dir='ltr'><strong>ad</strong></span> <span class='ocrx_word' id='word_1_61' title='bbox 553 806 645 859; x_wconf 88' lang='lat' dir='ltr'><strong>sidera</strong></span> <span class='ocrx_word' id='word_1_62' title='bbox 663 807 762 861; x_wconf 87' lang='lat' dir='ltr'><strong>tollunt</strong></span> 
     </span>
     <span class='ocr_line' id='line_1_11' title="bbox 78 881 756 950; baseline 0.003 -16"><span class='ocrx_word' id='word_1_63' title='bbox 78 881 245 946; x_wconf 83' lang='lat' dir='ltr'><strong>Pectoribus,</strong></span> <span class='ocrx_word' id='word_1_64' title='bbox 263 886 422 950; x_wconf 90' lang='lat' dir='ltr'><strong>maestoque</strong></span> <span class='ocrx_word' id='word_1_65' title='bbox 440 881 560 948; x_wconf 77' lang='lat' dir='ltr'><strong>inmugit</strong></span> <span class='ocrx_word' id='word_1_66' title='bbox 580 883 656 949; x_wconf 87' lang='lat' dir='ltr'><strong>regia</strong></span> <span class='ocrx_word' id='word_1_67' title='bbox 673 882 756 936; x_wconf 89' lang='lat' dir='ltr'><strong>luctu.</strong></span> 
     </span>
     <span class='ocr_line' id='line_1_12' title="bbox 78 956 722 1026; baseline 0.002 -17"><span class='ocrx_word' id='word_1_68' title='bbox 78 956 149 1025; x_wconf 88' lang='lat' dir='ltr'><strong>Ipse,</strong></span> <span class='ocrx_word' id='word_1_69' title='bbox 167 961 250 1026; x_wconf 89' lang='lat' dir='ltr'><strong>eaput</strong></span> <span class='ocrx_word' id='word_1_70' title='bbox 268 958 340 1010; x_wconf 87' lang='lat' dir='ltr'><strong>nivei</strong></span> <span class='ocrx_word' id='word_1_71' title='bbox 357 957 456 1010; x_wconf 84' lang='lat' dir='ltr'><strong>fultum</strong></span> <span class='ocrx_word' id='word_1_72' title='bbox 476 958 608 1010; x_wconf 88' lang='lat' dir='ltr'><strong>Pallantis</strong></span> <span class='ocrx_word' id='word_1_73' title='bbox 626 961 656 1010; x_wconf 85' lang='lat' dir='ltr'><strong>et</strong></span> <span class='ocrx_word' id='word_1_74' title='bbox 674 974 722 1010; x_wconf 90' lang='lat' dir='ltr'><strong>ora</strong></span> 
     </span>
     <span class='ocr_line' id='line_1_13' title="bbox 79 1031 930 1101; baseline 0.001 -16"><span class='ocrx_word' id='word_1_75' title='bbox 79 1031 118 1086; x_wconf 94' lang='lat' dir='ltr'><strong>Ut</strong></span> <span class='ocrx_word' id='word_1_76' title='bbox 135 1033 205 1087; x_wconf 87' lang='lat' dir='ltr'><strong>vidit</strong></span> <span class='ocrx_word' id='word_1_77' title='bbox 221 1033 330 1101; x_wconf 87' lang='lat' dir='ltr'><strong>levique</strong></span> <span class='ocrx_word' id='word_1_78' title='bbox 348 1037 445 1100; x_wconf 89' lang='lat' dir='ltr'><strong>patens</strong></span> <span class='ocrx_word' id='word_1_79' title='bbox 464 1033 492 1084; x_wconf 93' lang='lat' dir='ltr'><strong>in</strong></span> <span class='ocrx_word' id='word_1_80' title='bbox 510 1037 621 1101; x_wconf 87' lang='lat' dir='ltr'><strong>pectore</strong></span> <span class='ocrx_word' id='word_1_81' title='bbox 639 1034 734 1087; x_wconf 85' lang='lat' dir='ltr'><strong>volnus</strong></span> <span class='ocrx_word' id='word_1_82' title='bbox 904 1046 930 1086; x_wconf 80' lang='lat' dir='ltr'><strong>so</strong></span> 
     </span>
     <span class='ocr_line' id='line_1_14' title="bbox 78 1108 787 1177; baseline 0 -15"><span class='ocrx_word' id='word_1_83' title='bbox 78 1108 204 1177; x_wconf 81' lang='lat' dir='ltr'><strong>Cuspidis</strong></span> <span class='ocrx_word' id='word_1_84' title='bbox 223 1109 367 1176; x_wconf 82' lang='lat' dir='ltr'><strong>Ausoniae,</strong></span> <span class='ocrx_word' id='word_1_85' title='bbox 386 1109 504 1161; x_wconf 87' lang='lat' dir='ltr'><strong>lacrimis</strong></span> <span class='ocrx_word' id='word_1_86' title='bbox 522 1109 561 1162; x_wconf 85' lang='lat' dir='ltr'><strong>ita</strong></span> <span class='ocrx_word' id='word_1_87' title='bbox 578 1109 653 1162; x_wconf 85' lang='lat' dir='ltr'><strong>fatur</strong></span> <span class='ocrx_word' id='word_1_88' title='bbox 670 1108 787 1162; x_wconf 91' lang='lat' dir='ltr'><strong>obortis:</strong></span> 
     </span>
     <span class='ocr_line' id='line_1_15' title="bbox 79 1182 841 1252; baseline -0.001 -15"><span class='ocrx_word' id='word_1_89' title='bbox 79 1182 157 1249; x_wconf 75' lang='lat' dir='ltr'><strong>Tene,</strong></span> <span class='ocrx_word' id='word_1_90' title='bbox 176 1185 273 1252; x_wconf 90' lang='lat' dir='ltr'><strong>inquit,</strong></span> <span class='ocrx_word' id='word_1_91' title='bbox 291 1185 444 1238; x_wconf 85' lang='lat' dir='ltr'><strong>miserande</strong></span> <span class='ocrx_word' id='word_1_92' title='bbox 462 1201 539 1252; x_wconf 90' lang='lat' dir='ltr'><strong>puer,</strong></span> <span class='ocrx_word' id='word_1_93' title='bbox 557 1201 618 1237; x_wconf 88' lang='lat' dir='ltr'><strong>eum</strong></span> <span class='ocrx_word' id='word_1_94' title='bbox 636 1185 710 1237; x_wconf 85' lang='lat' dir='ltr'><strong>laeta</strong></span> <span class='ocrx_word' id='word_1_95' title='bbox 728 1183 841 1248; x_wconf 86' lang='lat' dir='ltr'><strong>veniret,</strong></span> 
     </span>
     <span class='ocr_line' id='line_1_16' title="bbox 80 1259 695 1327; baseline 0.002 -15"><span class='ocrx_word' id='word_1_96' title='bbox 80 1259 183 1314; x_wconf 86' lang='lat' dir='ltr'><strong>Invidit</strong></span> <span class='ocrx_word' id='word_1_97' title='bbox 202 1261 324 1314; x_wconf 83' lang='lat' dir='ltr'><strong>Fortuna</strong></span> <span class='ocrx_word' id='word_1_98' title='bbox 341 1261 415 1325; x_wconf 92' lang='lat' dir='ltr'><strong>mihi,</strong></span> <span class='ocrx_word' id='word_1_99' title='bbox 432 1277 467 1312; x_wconf 92' lang='lat' dir='ltr'><strong>ne</strong></span> <span class='ocrx_word' id='word_1_100' title='bbox 478 1277 571 1327; x_wconf 86' lang='lat' dir='ltr'><strong>regna</strong></span> <span class='ocrx_word' id='word_1_101' title='bbox 588 1261 695 1313; x_wconf 85' lang='lat' dir='ltr'><strong>videres</strong></span> 
     </span>
     <span class='ocr_line' id='line_1_17' title="bbox 79 1335 864 1404; baseline 0 -16"><span class='ocrx_word' id='word_1_102' title='bbox 79 1335 187 1404; x_wconf 84' lang='lat' dir='ltr'><strong>Nostra,</strong></span> <span class='ocrx_word' id='word_1_103' title='bbox 205 1353 294 1404; x_wconf 89' lang='lat' dir='ltr'><strong>neque</strong></span> <span class='ocrx_word' id='word_1_104' title='bbox 312 1337 348 1389; x_wconf 90' lang='lat' dir='ltr'><strong>ad</strong></span> <span class='ocrx_word' id='word_1_105' title='bbox 367 1336 446 1389; x_wconf 89' lang='lat' dir='ltr'><strong>sedes</strong></span> <span class='ocrx_word' id='word_1_106' title='bbox 466 1337 553 1388; x_wconf 87' lang='lat' dir='ltr'><strong>vietor</strong></span> <span class='ocrx_word' id='word_1_107' title='bbox 572 1337 702 1390; x_wconf 85' lang='lat' dir='ltr'><strong>veherere</strong></span> <span class='ocrx_word' id='word_1_108' title='bbox 720 1337 864 1404; x_wconf 70' lang='lat' dir='ltr'><strong>paternas?</strong></span> 
     </span>
     <span class='ocr_line' id='line_1_18' title="bbox 78 1411 931 1481; baseline 0.004 -17"><span class='ocrx_word' id='word_1_109' title='bbox 78 1412 140 1464; x_wconf 91' lang='lat' dir='ltr'><strong>Non</strong></span> <span class='ocrx_word' id='word_1_110' title='bbox 157 1412 226 1466; x_wconf 87' lang='lat' dir='ltr'><strong>haec</strong></span> <span class='ocrx_word' id='word_1_111' title='bbox 244 1413 372 1465; x_wconf 80' lang='lat' dir='ltr'><strong>Euandro</strong></span> <span class='ocrx_word' id='word_1_112' title='bbox 391 1412 426 1464; x_wconf 92' lang='lat' dir='ltr'><strong>de</strong></span> <span class='ocrx_word' id='word_1_113' title='bbox 445 1416 473 1465; x_wconf 94' lang='lat' dir='ltr'><strong>te</strong></span> <span class='ocrx_word' id='word_1_114' title='bbox 491 1412 625 1480; x_wconf 89' lang='lat' dir='ltr'><strong>promissa</strong></span> <span class='ocrx_word' id='word_1_115' title='bbox 642 1411 751 1481; x_wconf 91' lang='lat' dir='ltr'><strong>parenti</strong></span> <span class='ocrx_word' id='word_1_116' title='bbox 908 1427 931 1467; x_wconf 75' lang='lat' dir='ltr'><strong>ss</strong></span> 
     </span>
     <span class='ocr_line' id='line_1_19' title="bbox 78 1487 822 1555; baseline -0.001 -15"><span class='ocrx_word' id='word_1_117' title='bbox 78 1487 228 1541; x_wconf 83' lang='lat' dir='ltr'><strong>Discedens</strong></span> <span class='ocrx_word' id='word_1_118' title='bbox 247 1487 385 1554; x_wconf 88' lang='lat' dir='ltr'><strong>dederam,</strong></span> <span class='ocrx_word' id='word_1_119' title='bbox 405 1504 466 1541; x_wconf 90' lang='lat' dir='ltr'><strong>eum</strong></span> <span class='ocrx_word' id='word_1_120' title='bbox 484 1504 528 1540; x_wconf 89' lang='lat' dir='ltr'><strong>me</strong></span> <span class='ocrx_word' id='word_1_121' title='bbox 547 1488 693 1555; x_wconf 81' lang='lat' dir='ltr'><strong>conplexus</strong></span> <span class='ocrx_word' id='word_1_122' title='bbox 713 1489 822 1539; x_wconf 88' lang='lat' dir='ltr'><strong>euntem</strong></span> 
     </span>
     <span class='ocr_line' id='line_1_20' title="bbox 77 1562 900 1630; baseline 0.004 -17"><span class='ocrx_word' id='word_1_123' title='bbox 77 1562 205 1616; x_wconf 80' lang='lat' dir='ltr'><strong>Mitteret</strong></span> <span class='ocrx_word' id='word_1_124' title='bbox 222 1564 250 1615; x_wconf 93' lang='lat' dir='ltr'><strong>in</strong></span> <span class='ocrx_word' id='word_1_125' title='bbox 268 1580 396 1630; x_wconf 87' lang='lat' dir='ltr'><strong>magnum</strong></span> <span class='ocrx_word' id='word_1_126' title='bbox 414 1563 558 1630; x_wconf 88' lang='lat' dir='ltr'><strong>inperium,</strong></span> <span class='ocrx_word' id='word_1_127' title='bbox 578 1567 757 1629; x_wconf 89' lang='lat' dir='ltr'><strong>metuensque</strong></span> <span class='ocrx_word' id='word_1_128' title='bbox 775 1565 900 1616; x_wconf 89' lang='lat' dir='ltr'><strong>moueret</strong></span> 
     </span>
     <span class='ocr_line' id='line_1_21' title="bbox 80 1638 729 1707; baseline 0.002 -17"><span class='ocrx_word' id='word_1_129' title='bbox 80 1638 158 1690; x_wconf 84' lang='lat' dir='ltr'><strong>Acris</strong></span> <span class='ocrx_word' id='word_1_130' title='bbox 176 1655 235 1691; x_wconf 89' lang='lat' dir='ltr'><strong>esse</strong></span> <span class='ocrx_word' id='word_1_131' title='bbox 253 1639 332 1703; x_wconf 83' lang='lat' dir='ltr'><strong>viros,</strong></span> <span class='ocrx_word' id='word_1_132' title='bbox 352 1656 413 1692; x_wconf 88' lang='lat' dir='ltr'><strong>eum</strong></span> <span class='ocrx_word' id='word_1_133' title='bbox 432 1639 501 1691; x_wconf 92' lang='lat' dir='ltr'><strong>dura</strong></span> <span class='ocrx_word' id='word_1_134' title='bbox 518 1638 622 1706; x_wconf 89' lang='lat' dir='ltr'><strong>proelia</strong></span> <span class='ocrx_word' id='word_1_135' title='bbox 639 1642 729 1707; x_wconf 85' lang='lat' dir='ltr'><strong>gente.</strong></span> 
     </span>
     <span class='ocr_line' id='line_1_22' title="bbox 78 1713 801 1782; baseline -0.003 -16"><span class='ocrx_word' id='word_1_136' title='bbox 78 1713 115 1766; x_wconf 84' lang='lat' dir='ltr'><strong>Et</strong></span> <span class='ocrx_word' id='word_1_137' title='bbox 132 1730 203 1766; x_wconf 91' lang='lat' dir='ltr'><strong>nune</strong></span> <span class='ocrx_word' id='word_1_138' title='bbox 220 1714 266 1768; x_wconf 88' lang='lat' dir='ltr'><strong>ille</strong></span> <span class='ocrx_word' id='word_1_139' title='bbox 283 1714 395 1782; x_wconf 90' lang='lat' dir='ltr'><strong>quidem</strong></span> <span class='ocrx_word' id='word_1_140' title='bbox 413 1731 461 1782; x_wconf 91' lang='lat' dir='ltr'><strong>spe</strong></span> <span class='ocrx_word' id='word_1_141' title='bbox 479 1714 596 1767; x_wconf 92' lang='lat' dir='ltr'><strong>multum</strong></span> <span class='ocrx_word' id='word_1_142' title='bbox 614 1717 710 1781; x_wconf 91' lang='lat' dir='ltr'><strong>eaptus</strong></span> <span class='ocrx_word' id='word_1_143' title='bbox 728 1714 801 1765; x_wconf 87' lang='lat' dir='ltr'><strong>inani</strong></span> 
     </span>
     <span class='ocr_line' id='line_1_23' title="bbox 78 1789 929 1857; baseline 0.001 -16"><span class='ocrx_word' id='word_1_144' title='bbox 78 1789 146 1842; x_wconf 81' lang='lat' dir='ltr'><strong>Fors</strong></span> <span class='ocrx_word' id='word_1_145' title='bbox 164 1794 193 1844; x_wconf 88' lang='lat' dir='ltr'><strong>et</strong></span> <span class='ocrx_word' id='word_1_146' title='bbox 211 1794 274 1844; x_wconf 84' lang='lat' dir='ltr'><strong>vota</strong></span> <span class='ocrx_word' id='word_1_147' title='bbox 292 1790 365 1856; x_wconf 83' lang='lat' dir='ltr'><strong>facit,</strong></span> <span class='ocrx_word' id='word_1_148' title='bbox 383 1791 557 1857; x_wconf 89' lang='lat' dir='ltr'><strong>cumulatque</strong></span> <span class='ocrx_word' id='word_1_149' title='bbox 576 1791 673 1843; x_wconf 89' lang='lat' dir='ltr'><strong>altaria</strong></span> <span class='ocrx_word' id='word_1_150' title='bbox 692 1789 785 1853; x_wconf 78' lang='lat' dir='ltr'><strong>donis3</strong></span> <span class='ocrx_word' id='word_1_151' title='bbox 905 1804 929 1842; x_wconf 81' lang='lat' dir='ltr'><strong>so</strong></span> 
     </span>
     <span class='ocr_line' id='line_1_24' title="bbox 78 1864 886 1919; baseline 0 -2"><span class='ocrx_word' id='word_1_152' title='bbox 78 1865 135 1917; x_wconf 89' lang='lat' dir='ltr'><strong>Nos</strong></span> <span class='ocrx_word' id='word_1_153' title='bbox 153 1865 277 1919; x_wconf 84' lang='lat' dir='ltr'><strong>iuvenem</strong></span> <span class='ocrx_word' id='word_1_154' title='bbox 296 1866 450 1918; x_wconf 84' lang='lat' dir='ltr'><strong>exanimum</strong></span> <span class='ocrx_word' id='word_1_155' title='bbox 469 1870 497 1918; x_wconf 90' lang='lat' dir='ltr'><strong>et</strong></span> <span class='ocrx_word' id='word_1_156' title='bbox 515 1866 551 1917; x_wconf 93' lang='lat' dir='ltr'><strong>nil</strong></span> <span class='ocrx_word' id='word_1_157' title='bbox 570 1866 624 1918; x_wconf 91' lang='lat' dir='ltr'><strong>iam</strong></span> <span class='ocrx_word' id='word_1_158' title='bbox 642 1864 805 1918; x_wconf 88' lang='lat' dir='ltr'><strong>caelestibus</strong></span> <span class='ocrx_word' id='word_1_159' title='bbox 822 1865 886 1919; x_wconf 91' lang='lat' dir='ltr'><strong>ullis</strong></span> 
     </span>
     <span class='ocr_line' id='line_1_25' title="bbox 78 1940 743 1994; baseline -0.002 -1"><span class='ocrx_word' id='word_1_160' title='bbox 78 1940 233 1994; x_wconf 85' lang='lat' dir='ltr'><strong>Debentem</strong></span> <span class='ocrx_word' id='word_1_161' title='bbox 252 1958 321 1994; x_wconf 85' lang='lat' dir='ltr'><strong>vano</strong></span> <span class='ocrx_word' id='word_1_162' title='bbox 339 1941 436 1994; x_wconf 89' lang='lat' dir='ltr'><strong>maesti</strong></span> <span class='ocrx_word' id='word_1_163' title='bbox 455 1942 616 1994; x_wconf 89' lang='lat' dir='ltr'><strong>comitamur</strong></span> <span class='ocrx_word' id='word_1_164' title='bbox 634 1940 743 1993; x_wconf 89' lang='lat' dir='ltr'><strong>honore.</strong></span> 
     </span>
     <span class='ocr_line' id='line_1_26' title="bbox 79 2015 627 2082; baseline 0.002 -14"><span class='ocrx_word' id='word_1_165' title='bbox 79 2016 185 2082; x_wconf 85' lang='lat' dir='ltr'><strong>Infelix,</strong></span> <span class='ocrx_word' id='word_1_166' title='bbox 204 2017 261 2069; x_wconf 89' lang='lat' dir='ltr'><strong>nati</strong></span> <span class='ocrx_word' id='word_1_167' title='bbox 279 2017 360 2068; x_wconf 86' lang='lat' dir='ltr'><strong>funus</strong></span> <span class='ocrx_word' id='word_1_168' title='bbox 379 2015 489 2069; x_wconf 89' lang='lat' dir='ltr'><strong>crudele</strong></span> <span class='ocrx_word' id='word_1_169' title='bbox 508 2017 627 2069; x_wconf 85' lang='lat' dir='ltr'><strong>videbis!</strong></span> 
     </span>
     <span class='ocr_line' id='line_1_27' title="bbox 79 2092 743 2160; baseline 0.003 -16"><span class='ocrx_word' id='word_1_170' title='bbox 79 2092 118 2144; x_wconf 93' lang='lat' dir='ltr'><strong>Hi</strong></span> <span class='ocrx_word' id='word_1_171' title='bbox 135 2092 221 2145; x_wconf 89' lang='lat' dir='ltr'><strong>nostri</strong></span> <span class='ocrx_word' id='word_1_172' title='bbox 237 2092 350 2157; x_wconf 89' lang='lat' dir='ltr'><strong>reditus,</strong></span> <span class='ocrx_word' id='word_1_173' title='bbox 370 2092 576 2159; x_wconf 83' lang='lat' dir='ltr'><strong>exspectatique</strong></span> <span class='ocrx_word' id='word_1_174' title='bbox 595 2093 743 2160; x_wconf 69' lang='lat' dir='ltr'><strong>triumphi?</strong></span> 
     </span>
     <span class='ocr_line' id='line_1_28' title="bbox 79 2167 929 2235; baseline 0.001 -14"><span class='ocrx_word' id='word_1_175' title='bbox 79 2167 156 2221; x_wconf 79' lang='lat' dir='ltr'><strong>Haec</strong></span> <span class='ocrx_word' id='word_1_176' title='bbox 167 2184 228 2221; x_wconf 86' lang='lat' dir='ltr'><strong>mea</strong></span> <span class='ocrx_word' id='word_1_177' title='bbox 240 2184 338 2234; x_wconf 89' lang='lat' dir='ltr'><strong>magna</strong></span> <span class='ocrx_word' id='word_1_178' title='bbox 351 2168 435 2221; x_wconf 88' lang='lat' dir='ltr'><strong>fidesl</strong></span> <span class='ocrx_word' id='word_1_179' title='bbox 449 2168 489 2220; x_wconf 86' lang='lat' dir='ltr'><strong>At</strong></span> <span class='ocrx_word' id='word_1_180' title='bbox 501 2185 562 2233; x_wconf 92' lang='lat' dir='ltr'><strong>non,</strong></span> <span class='ocrx_word' id='word_1_181' title='bbox 576 2168 712 2234; x_wconf 80' lang='lat' dir='ltr'><strong>Euandre,</strong></span> <span class='ocrx_word' id='word_1_182' title='bbox 726 2168 862 2235; x_wconf 89' lang='lat' dir='ltr'><strong>pudendis</strong></span> <span class='ocrx_word' id='word_1_183' title='bbox 904 2183 929 2222; x_wconf 77' lang='lat' dir='ltr'><strong>ss</strong></span> 
     </span>
     <span class='ocr_line' id='line_1_29' title="bbox 78 2243 815 2311; baseline 0 -16"><span class='ocrx_word' id='word_1_184' title='bbox 78 2243 243 2298; x_wconf 89' lang='lat' dir='ltr'><strong>Volueribus</strong></span> <span class='ocrx_word' id='word_1_185' title='bbox 260 2244 368 2311; x_wconf 92' lang='lat' dir='ltr'><strong>pulsum</strong></span> <span class='ocrx_word' id='word_1_186' title='bbox 387 2243 518 2311; x_wconf 81' lang='lat' dir='ltr'><strong>aspicies3</strong></span> <span class='ocrx_word' id='word_1_187' title='bbox 536 2260 586 2296; x_wconf 90' lang='lat' dir='ltr'><strong>nee</strong></span> <span class='ocrx_word' id='word_1_188' title='bbox 605 2243 706 2310; x_wconf 86' lang='lat' dir='ltr'><strong>sospite</strong></span> <span class='ocrx_word' id='word_1_189' title='bbox 725 2243 815 2295; x_wconf 89' lang='lat' dir='ltr'><strong>dirum</strong></span> 
     </span>
     <span class='ocr_line' id='line_1_30' title="bbox 79 2317 816 2387; baseline 0.001 -17"><span class='ocrx_word' id='word_1_190' title='bbox 79 2317 194 2387; x_wconf 87' lang='lat' dir='ltr'><strong>Optabis</strong></span> <span class='ocrx_word' id='word_1_191' title='bbox 212 2323 276 2372; x_wconf 92' lang='lat' dir='ltr'><strong>nato</strong></span> <span class='ocrx_word' id='word_1_192' title='bbox 294 2319 375 2372; x_wconf 82' lang='lat' dir='ltr'><strong>funus</strong></span> <span class='ocrx_word' id='word_1_193' title='bbox 393 2323 480 2387; x_wconf 84' lang='lat' dir='ltr'><strong>pater.</strong></span> <span class='ocrx_word' id='word_1_194' title='bbox 518 2320 572 2373; x_wconf 89' lang='lat' dir='ltr'><strong>Hei</strong></span> <span class='ocrx_word' id='word_1_195' title='bbox 591 2319 665 2384; x_wconf 89' lang='lat' dir='ltr'><strong>mihi,</strong></span> <span class='ocrx_word' id='word_1_196' title='bbox 684 2321 816 2386; x_wconf 90' lang='lat' dir='ltr'><strong>quantum</strong></span> 
     </span>
     <span class='ocr_line' id='line_1_31' title="bbox 79 2394 852 2463; baseline 0.003 -17"><span class='ocrx_word' id='word_1_197' title='bbox 79 2394 249 2447; x_wconf 90' lang='lat' dir='ltr'><strong>Praesidium</strong></span> <span class='ocrx_word' id='word_1_198' title='bbox 272 2395 391 2448; x_wconf 85' lang='lat' dir='ltr'><strong>Ausonia</strong></span> <span class='ocrx_word' id='word_1_199' title='bbox 410 2399 438 2447; x_wconf 92' lang='lat' dir='ltr'><strong>et</strong></span> <span class='ocrx_word' id='word_1_200' title='bbox 456 2398 588 2462; x_wconf 90' lang='lat' dir='ltr'><strong>quantum</strong></span> <span class='ocrx_word' id='word_1_201' title='bbox 609 2399 639 2448; x_wconf 91' lang='lat' dir='ltr'><strong>tu</strong></span> <span class='ocrx_word' id='word_1_202' title='bbox 658 2394 759 2463; x_wconf 88' lang='lat' dir='ltr'><strong>perdis,</strong></span> <span class='ocrx_word' id='word_1_203' title='bbox 778 2394 852 2448; x_wconf 89' lang='lat' dir='ltr'><strong>lule!</strong></span> 
     </span>
     <span class='ocr_line' id='line_1_32' title="bbox 114 2469 759 2535; baseline 0 -13"><span class='ocrx_word' id='word_1_204' title='bbox 114 2470 190 2523; x_wconf 87' lang='lat' dir='ltr'><strong>Haec</strong></span> <span class='ocrx_word' id='word_1_205' title='bbox 208 2470 255 2523; x_wconf 91' lang='lat' dir='ltr'><strong>ubi</strong></span> <span class='ocrx_word' id='word_1_206' title='bbox 273 2469 392 2535; x_wconf 88' lang='lat' dir='ltr'><strong>deflevit,</strong></span> <span class='ocrx_word' id='word_1_207' title='bbox 412 2471 470 2522; x_wconf 92' lang='lat' dir='ltr'><strong>tolli</strong></span> <span class='ocrx_word' id='word_1_208' title='bbox 489 2470 644 2524; x_wconf 86' lang='lat' dir='ltr'><strong>miserabile</strong></span> <span class='ocrx_word' id='word_1_209' title='bbox 662 2486 759 2535; x_wconf 85' lang='lat' dir='ltr'><strong>eorpus</strong></span> 
     </span>
     <span class='ocr_line' id='line_1_33' title="bbox 80 2545 928 2613; baseline 0.001 -17"><span class='ocrx_word' id='word_1_210' title='bbox 80 2547 199 2613; x_wconf 89' lang='lat' dir='ltr'><strong>Inperat,</strong></span> <span class='ocrx_word' id='word_1_211' title='bbox 217 2549 246 2599; x_wconf 90' lang='lat' dir='ltr'><strong>et</strong></span> <span class='ocrx_word' id='word_1_212' title='bbox 264 2549 322 2599; x_wconf 89' lang='lat' dir='ltr'><strong>toto</strong></span> <span class='ocrx_word' id='word_1_213' title='bbox 340 2545 425 2599; x_wconf 88' lang='lat' dir='ltr'><strong>lectos</strong></span> <span class='ocrx_word' id='word_1_214' title='bbox 444 2563 478 2598; x_wconf 83' lang='lat' dir='ltr'><strong>ex</strong></span> <span class='ocrx_word' id='word_1_215' title='bbox 497 2547 604 2612; x_wconf 88' lang='lat' dir='ltr'><strong>agmine</strong></span> <span class='ocrx_word' id='word_1_216' title='bbox 623 2545 710 2598; x_wconf 91' lang='lat' dir='ltr'><strong>mittit</strong></span> <span class='ocrx_word' id='word_1_217' title='bbox 903 2552 928 2591; x_wconf 75' lang='lat'><strong>⁶⁰</strong></span> 
     </span>
     <span class='ocr_line' id='line_1_34' title="bbox 78 2620 829 2689; baseline -0.003 -16"><span class='ocrx_word' id='word_1_218' title='bbox 78 2620 154 2673; x_wconf 90' lang='lat' dir='ltr'><strong>Mille</strong></span> <span class='ocrx_word' id='word_1_219' title='bbox 171 2621 250 2688; x_wconf 85' lang='lat' dir='ltr'><strong>viros,</strong></span> <span class='ocrx_word' id='word_1_220' title='bbox 269 2621 315 2688; x_wconf 96' lang='lat' dir='ltr'><strong>qui</strong></span> <span class='ocrx_word' id='word_1_221' title='bbox 334 2639 489 2689; x_wconf 89' lang='lat' dir='ltr'><strong>supremum</strong></span> <span class='ocrx_word' id='word_1_222' title='bbox 509 2622 674 2674; x_wconf 90' lang='lat' dir='ltr'><strong>comitentur</strong></span> <span class='ocrx_word' id='word_1_223' title='bbox 690 2620 829 2686; x_wconf 89' lang='lat' dir='ltr'><strong>honorem,</strong></span> 
     </span>
     <span class='ocr_line' id='line_1_35' title="bbox 79 2696 736 2764; baseline 0.002 -16"><span class='ocrx_word' id='word_1_224' title='bbox 79 2696 267 2764; x_wconf 85' lang='lat' dir='ltr'><strong>Intersintque</strong></span> <span class='ocrx_word' id='word_1_225' title='bbox 285 2697 370 2764; x_wconf 85' lang='lat' dir='ltr'><strong>patris</strong></span> <span class='ocrx_word' id='word_1_226' title='bbox 390 2696 513 2760; x_wconf 84' lang='lat' dir='ltr'><strong>lacrimis,</strong></span> <span class='ocrx_word' id='word_1_227' title='bbox 533 2697 629 2750; x_wconf 90' lang='lat' dir='ltr'><strong>solatia</strong></span> <span class='ocrx_word' id='word_1_228' title='bbox 647 2697 736 2749; x_wconf 87' lang='lat' dir='ltr'><strong>luctus</strong></span> 
     </span>
     <span class='ocr_line' id='line_1_36' title="bbox 78 2772 719 2840; baseline 0.002 -16"><span class='ocrx_word' id='word_1_229' title='bbox 78 2772 182 2839; x_wconf 79' lang='lat' dir='ltr'><strong>Exigua</strong></span> <span class='ocrx_word' id='word_1_230' title='bbox 199 2772 324 2839; x_wconf 85' lang='lat' dir='ltr'><strong>ingentis,</strong></span> <span class='ocrx_word' id='word_1_231' title='bbox 344 2772 441 2826; x_wconf 89' lang='lat' dir='ltr'><strong>misero</strong></span> <span class='ocrx_word' id='word_1_232' title='bbox 460 2772 509 2825; x_wconf 92' lang='lat' dir='ltr'><strong>sed</strong></span> <span class='ocrx_word' id='word_1_233' title='bbox 528 2772 622 2825; x_wconf 90' lang='lat' dir='ltr'><strong>debita</strong></span> <span class='ocrx_word' id='word_1_234' title='bbox 640 2773 719 2840; x_wconf 85' lang='lat' dir='ltr'><strong>patri.</strong></span> 
     </span>
     <span class='ocr_line' id='line_1_37' title="bbox 79 2846 738 2914; baseline 0 -15"><span class='ocrx_word' id='word_1_235' title='bbox 79 2847 162 2900; x_wconf 91' lang='lat' dir='ltr'><strong>Haud</strong></span> <span class='ocrx_word' id='word_1_236' title='bbox 181 2864 277 2914; x_wconf 87' lang='lat' dir='ltr'><strong>segnes</strong></span> <span class='ocrx_word' id='word_1_237' title='bbox 295 2846 341 2898; x_wconf 88' lang='lat' dir='ltr'><strong>alil</strong></span> <span class='ocrx_word' id='word_1_238' title='bbox 360 2847 441 2900; x_wconf 89' lang='lat' dir='ltr'><strong>eratis</strong></span> <span class='ocrx_word' id='word_1_239' title='bbox 460 2850 489 2900; x_wconf 89' lang='lat' dir='ltr'><strong>et</strong></span> <span class='ocrx_word' id='word_1_240' title='bbox 506 2847 587 2900; x_wconf 93' lang='lat' dir='ltr'><strong>molle</strong></span> <span class='ocrx_word' id='word_1_241' title='bbox 606 2847 738 2900; x_wconf 87' lang='lat' dir='ltr'><strong>feretrum</strong></span> 
     </span>
     <span class='ocr_line' id='line_1_38' title="bbox 79 2922 927 2990; baseline -0.001 -14"><span class='ocrx_word' id='word_1_242' title='bbox 79 2922 211 2976; x_wconf 83' lang='lat' dir='ltr'><strong>Arbuteis</strong></span> <span class='ocrx_word' id='word_1_243' title='bbox 229 2925 328 2976; x_wconf 83' lang='lat' dir='ltr'><strong>texunt</strong></span> <span class='ocrx_word' id='word_1_244' title='bbox 346 2922 429 2989; x_wconf 82' lang='lat' dir='ltr'><strong>virgis</strong></span> <span class='ocrx_word' id='word_1_245' title='bbox 448 2926 477 2975; x_wconf 90' lang='lat' dir='ltr'><strong>et</strong></span> <span class='ocrx_word' id='word_1_246' title='bbox 494 2923 594 2976; x_wconf 85' lang='lat' dir='ltr'><strong>vimine</strong></span> <span class='ocrx_word' id='word_1_247' title='bbox 615 2939 726 2990; x_wconf 78' lang='lat' dir='ltr'><strong>querna,</strong></span> <span class='ocrx_word' id='word_1_248' title='bbox 903 2935 927 2975; x_wconf 76' lang='lat' dir='ltr'><strong>st</strong></span> 
     </span>
     <span class='ocr_line' id='line_1_39' title="bbox 79 2998 828 3066; baseline 0.001 -15"><span class='ocrx_word' id='word_1_249' title='bbox 79 2999 297 3066; x_wconf 81' lang='lat' dir='ltr'><strong>Ilnstructosque</strong></span> <span class='ocrx_word' id='word_1_250' title='bbox 316 3002 390 3050; x_wconf 91' lang='lat' dir='ltr'><strong>toros</strong></span> <span class='ocrx_word' id='word_1_251' title='bbox 408 2998 523 3051; x_wconf 91' lang='lat' dir='ltr'><strong>obtentu</strong></span> <span class='ocrx_word' id='word_1_252' title='bbox 542 2999 646 3051; x_wconf 81' lang='lat' dir='ltr'><strong>frondis</strong></span> <span class='ocrx_word' id='word_1_253' title='bbox 664 2998 828 3052; x_wconf 87' lang='lat' dir='ltr'><strong>inumbrant.</strong></span> 
     </span>
     <span class='ocr_line' id='line_1_40' title="bbox 78 3074 841 3142; baseline 0.001 -15"><span class='ocrx_word' id='word_1_254' title='bbox 78 3074 132 3127; x_wconf 87' lang='lat' dir='ltr'><strong>Hic</strong></span> <span class='ocrx_word' id='word_1_255' title='bbox 150 3074 274 3127; x_wconf 88' lang='lat' dir='ltr'><strong>iuvenem</strong></span> <span class='ocrx_word' id='word_1_256' title='bbox 293 3074 395 3141; x_wconf 89' lang='lat' dir='ltr'><strong>agresti</strong></span> <span class='ocrx_word' id='word_1_257' title='bbox 414 3074 558 3127; x_wconf 90' lang='lat' dir='ltr'><strong>sublimem</strong></span> <span class='ocrx_word' id='word_1_258' title='bbox 577 3074 706 3126; x_wconf 89' lang='lat' dir='ltr'><strong>stramine</strong></span> <span class='ocrx_word' id='word_1_259' title='bbox 723 3077 841 3142; x_wconf 88' lang='lat' dir='ltr'><strong>ponunt:</strong></span> 
     </span>
    </p>
   </div>
   <div class='ocr_carea' id='block_1_3' title="bbox 78 3149 732 3269">
    <p class='ocr_par' dir='ltr' id='par_1_3' title="bbox 78 3149 732 3269">
     <span class='ocr_line' id='line_1_41' title="bbox 78 3149 732 3269; baseline 0.003 -68"><span class='ocrx_word' id='word_1_260' title='bbox 78 3149 191 3269; x_wconf 63' lang='lat' dir='ltr'><strong>Qua12e3m</strong></span> <span class='ocrx_word' id='word_1_261' title='bbox 208 3149 332 3216; x_wconf 85' lang='lat' dir='ltr'><strong>virgineo</strong></span> <span class='ocrx_word' id='word_1_262' title='bbox 350 3149 504 3202; x_wconf 89' lang='lat' dir='ltr'><strong>demessum</strong></span> <span class='ocrx_word' id='word_1_263' title='bbox 522 3149 619 3216; x_wconf 90' lang='lat' dir='ltr'><strong>pollice</strong></span> <span class='ocrx_word' id='word_1_264' title='bbox 637 3149 732 3203; x_wconf 86' lang='lat' dir='ltr'><strong>florem</strong></span> 
     </span>
    </p>
   </div>
   <div class='ocr_carea' id='block_1_4' title="bbox 0 0 1021 3524">
    <p class='ocr_par' dir='ltr' id='par_1_4' title="bbox 0 0 1021 3524">
     <span class='ocr_line' id='line_1_42' title="bbox 0 0 1021 3524; baseline 0 0"><span class='ocrx_word' id='word_1_265' title='bbox 0 0 1021 3524; x_wconf 95' lang='lat' dir='ltr'><strong> </strong></span> 
     </span>
    </p>
   </div>
  </div>
 </body>
</html>
