2032 3524
91 126 136 174 270
315 124 342 169 Ρ.
363 120 515 168 VERGlLl
534 119 699 168 Maeonis

89 206 144 258 Seu
163 204 228 257 satis
249 202 350 255 Italum
371 204 461 255 eastra
480 200 621 254 obsidione
640 203 776 267 tenentur,

89 282 151 335 Sive
171 297 263 334 errare
283 279 353 331 malo
374 279 470 331 Troiae
489 277 655 344 monitisque
675 276 799 331 sinistris.
902 293 942 332 ue

89 357 148 410 Nec
168 357 285 409 Rutulos
304 355 384 408 solvo.
422 354 476 406 Sua
494 353 593 419 cuique
612 368 710 404 exorsa
728 352 850 407 laborem

89 431 293 498 l·¹urturrarrrqrrc
313 430 408 483 ferent.
446 430 507 481 Rex
530 428 656 496 luppiter
676 429 800 482 omuibus
821 429 904 483 idem.

89 507 159 560 Fata
179 508 249 559 viaru
268 505 414 557 invenient.
451 505 538 571 stygii
560 520 609 571 per
628 504 740 557 fiumina
756 505 856 571 fratris,

89 583 142 635 l’er
161 583 220 650 pice
239 581 370 635 torrentis
390 584 505 647 atraque
522 579 650 646 voragine
669 580 743 649 ripas

88 659 203 721 Adnuit,
221 662 249 711 et
266 661 355 710 totum
370 662 438 709 nutu
456 655 609 709 tremefecit
632 655 783 724 Olympum.
901 674 941 713 ue

89 736 143 787 llic
162 736 224 787 suris
240 734 321 786 turdi.
359 733 431 785 Solio
451 736 511 784 tum
533 732 659 801 luppiter
678 750 761 786 auree

87 811 188 876 Surgit,
208 808 350 862 caelicolae
369 808 489 860 medium
508 825 590 875 quem
611 808 647 861 ad
665 808 760 861 limina
779 808 891 864 ducunt.

123 886 234 938 Interea
254 884 349 937 Rutuli
367 884 454 952 portis
474 884 575 936 circum
595 884 721 937 oumibus
738 884 840 938 instent

87 960 214 1014 Sternere
233 960 316 1013 caede
335 961 414 1023 viros,
433 965 462 1012 ct
481 960 587 1011 moenia
605 960 714 1027 cingere
732 960 853 1013 flaminis

89 1040 128 1088 At
147 1037 217 1103 legio
239 1036 400 1088 Aeneadum
419 1035 495 1087 vallis
515 1034 625 1087 obsessa
644 1039 762 1103 tenetur,
901 1051 939 1089 rac

89 1112 146 1164 b'cc
162 1130 224 1180 spes
244 1113 298 1164 ulla
317 1113 405 1179 fugae.
444 1111 537 1163 Miseri
557 1114 631 1164 stult
651 1111 773 1165 turribus
793 1111 857 1165 ultis

88 1188 269 1256 Nequiquam,
290 1193 318 1242 et
337 1205 400 1241 rara
419 1204 511 1240 muros
530 1186 639 1240 cinxere
659 1205 772 1242 corona:

88 1265 171 1316 Asius
192 1264 360 1317 Imbrasides
380 1263 613 1330 Hicetaoniusque
633 1263 795 1331 Thymoetes

87 1341 269 1407 Assaracique
288 1340 341 1391 duo
361 1343 389 1392 et
409 1339 499 1392 senior
517 1355 579 1390 cum
599 1338 713 1393 Castore
732 1339 884 1408 Thymbria,

88 1416 178 1467 l'rima
197 1416 285 1477 acics:
303 1416 352 1467 bos
370 1414 493 1481 germani
513 1413 676 1482 Sarpedonis
694 1414 782 1482 ambo,
899 1431 938 1471 12⁵

86 1491 122 1543 Et
142 1491 237 1542 Clarus
258 1494 286 1543 ct
308 1490 435 1555 Theman,
456 1489 537 1557 Lycia
555 1490 720 1543 comitantur
738 1489 773 1543 ab
792 1490 857 1545 alta.

86 1567 153 1618 Fert
171 1567 266 1633 iugens
285 1570 344 1619 toto
364 1565 495 1618 connixus
515 1582 627 1632 corpore
648 1583 751 1632 saxum,

89 1642 168 1693 {laud
190 1647 296 1709 partem
316 1642 443 1708 exiguam
464 1641 571 1703 montis,
593 1642 738 1708 Lyrnesius
760 1644 875 1710 Acmen,

85 1718 142 1769 Nee
162 1718 250 1785 Clytio
266 1717 390 1784 genitore
409 1718 504 1779 miuor,
524 1734 573 1769 uec
594 1717 680 1770 fratrc
701 1717 873 1773 Menestheo.

88 1794 123 1845 lli
141 1794 242 1859 iaculis,
263 1794 302 1845 illi
324 1797 430 1846 certant
451 1792 599 1845 defendere
618 1793 697 1858 saxis,
898 1810 936 1851 rae

85 1870 231 1936 bioliriquc
251 1870 349 1936 iguem,
369 1885 508 1937 nervoque
525 1872 621 1937 aptare
640 1870 761 1937 sagittas.

87 1946 149 2012 lpse
169 1946 241 1998 iuter
260 1944 371 2011 medios,
392 1944 507 1997 Veneris
526 1944 676 1997 iustissima
696 1961 768 2011 cura,

86 2021 237 2073 bardanius
259 2024 348 2089 caput,
368 2037 438 2086 eece,
459 2037 528 2087 puer
548 2019 675 2073 detectus
691 2021 845 2088 honestum,
892 2074 896 2079 ,

83 2097 176 2160 Quadis
195 2114 311 2163 gemma,
330 2096 421 2163 uricat,
439 2096 543 2148 fulvum
561 2112 630 2163 quae
650 2095 750 2149 dividit
766 2112 872 2165 aurum,

84 2177 141 2225 Aut
161 2174 229 2225 collo
249 2173 332 2226 decus
351 2176 399 2225 aut
418 2171 516 2238 capiti:
540 2172 581 2224 vcl
602 2171 682 2238 quale
700 2188 751 2240 per
771 2174 861 2227 adem
897 2184 935 2229 tre

86 2249 221 2301 luclusum
241 2248 314 2302 buxo
333 2253 382 2301 aut
401 2247 493 2300 Oricia
512 2246 668 2300 terebintho

84 2325 169 2377 Lucet
189 2324 274 2388 cbur;
290 2324 365 2376 fusos
384 2323 475 2375 cervix
495 2323 538 2375 eui
556 2321 644 2375 lactea
663 2322 744 2376 crinis

83 2400 191 2467 Accipit
211 2403 240 2453 et
259 2399 333 2451 molli
354 2398 491 2450 subnectit
510 2397 626 2450 circulus
647 2415 721 2451 auro.
926 2458 932 2467 Ι

82 2476 119 2528 'le
140 2491 248 2543 quoquc
267 2474 454 2541 magnanimae
474 2473 610 2539 viderunt,
632 2474 743 2542 Ismaro,
761 2478 862 2544 genten
961 2530 965 2539 ,

86 2552 201 2603 Volnera
221 2550 346 2616 dirigere,
366 2553 395 2601 ct
413 2549 529 2601 calamos
548 2566 655 2602 arruarc
675 2566 788 2618 veneno,
896 2566 934 2609 mo

84 2627 209 2679 Maeonia
227 2641 359 2692 generose
381 2625 461 2677 dorne
485 2623 535 2676 ubi
551 2625 663 2692 pinguia
681 2626 755 2679 culta

83 2704 271 2769 i‘lxerceutquc
289 2701 348 2765 viri,
370 2700 551 2767 Pactolusque
571 2700 671 2767 inrigat
683 2718 767 2767 auro.

82 2779 180 2830 Adfuit
199 2782 228 2830 et
248 2776 415 2838 Mnestheus,
435 2793 517 2844 quem
536 2777 607 2845 pulsi
628 2777 742 2844 pristina
761 2776 847 2833 cuni

82 2857 192 2922 Aggere
211 2869 364 2905 moerorum
384 2851 527 2904 sublimem
547 2852 634 2919 gloria
653 2853 731 2920 tollit,

80 2931 115 2983 m
136 2930 239 2997 Capys:
265 2928 329 2980 lriuc
347 2943 444 2979 uomcu
465 2927 618 2994 Campanae
637 2928 747 2982 ducitur
767 2930 839 2985 urbi.
895 2946 934 2989 ιιι

116 3006 159 3057 llli
181 3006 253 3057 iuter
273 3018 333 3055 sese
353 3002 414 3054 duri
435 3003 584 3054 certamina
604 3002 670 3056 belli

79 3082 273 3133 Contureraat:
292 3078 382 3131 modia
400 3081 508 3130 Aeneas
524 3077 596 3130 freta
613 3082 693 3132 nocte
710 3080 835 3141 secabat.

79 3155 104 3208 b'
107 3172 214 3223 amque,
234 3158 266 3207 ut
286 3153 320 3206 ab
341 3153 469 3206 Euaudro
488 3153 585 3207 eastris
604 3154 745 3222 ingressus
766 3156 903 3231 Etruscis,
