2032 3524
359 107 542 156 AENEIDOS
559 107 629 156 LIB.
651 109 716 172 VII,
926 110 972 187 225

119 191 229 244 Venatu
246 206 395 256 nemorum,
414 189 491 244 duris
510 189 663 257 Aequicula
680 191 791 258 glaebis.

119 267 229 320 Armati
247 270 350 319 terram
368 270 505 334 exercent,
524 283 687 335 semperque
706 267 823 320 recentis

118 343 285 396 Oorrvoctare
303 342 379 395 iuvat
397 343 513 410 praedas
530 347 559 396 et
579 344 668 397 vivere
687 346 775 411 rapte.

153 419 222 482 Quin
242 423 270 471 et
289 419 428 472 Marruvia
446 421 521 473 venit
540 420 675 488 degente
694 419 829 484 sacerdos,
934 431 971 475 rso

118 496 226 549 Fronde
246 513 328 563 super
345 496 451 562 galeam
470 501 500 550 et
518 497 588 551 felici
608 501 733 564 comptus
752 496 830 563 oliva,

105 572 249 640 'Archippi
267 572 341 639 regis
358 572 450 638 missu,
468 573 632 626 fortissimus
651 573 764 639 Umbra,

117 647 236 716 Viperoo
254 647 348 715 generi
367 651 395 702 et
412 650 535 716 graviter
553 649 720 718 spirantibus
738 648 833 717 hydris

115 724 251 791 Spargere
269 725 316 792 qui
334 741 441 778 somnos
459 730 596 793 cantuque
614 742 751 794 manuque
769 724 881 792 solebat,

116 799 310 869 Mulcebatque
328 801 383 854 iras
400 805 429 855 et
447 818 553 854 morsus
571 806 632 855 arte
650 802 765 856 levabat.
933 811 968 853 7⁵⁶

115 874 170 928 Sed
189 894 242 929 non
262 877 418 930 Dardaniae
436 878 565 930 medicari
584 877 703 945 cuspidis
721 878 806 931 ictum

116 951 230 1019 Evaluit,
249 971 338 1021 nequo
356 970 419 1006 eum
436 954 529 1006 iuvere
548 954 574 1006 in
592 954 702 1006 volnera
719 957 815 1006 cautus

113 1028 259 1083 Somniseri
276 1035 306 1082 et
327 1029 423 1081 Marsis
442 1030 581 1095 quaesitae
598 1028 736 1080 montibus
754 1028 863 1082 herbae.

111 1104 152 1157 'lo
171 1121 266 1157 nemus
286 1104 443 1170 Anguitiae,
461 1104 548 1156 vitrea
567 1107 595 1156 te
614 1103 731 1155 Euciuus
749 1103 832 1170 unda,

112 1181 151 1233 Te
168 1180 265 1246 liquidi
283 1179 382 1231 flevere
399 1179 482 1232 lacus.
929 1193 966 1235 rso

150 1255 213 1306 Ibat
231 1259 260 1308 et
280 1254 422 1322 Hippolyti
442 1254 532 1322 proles
549 1254 730 1322 pulcherrima
746 1253 827 1322 bello,

113 1331 233 1398 Virbius,
251 1330 385 1398 insignem
404 1346 485 1399 quem
503 1334 592 1385 mater
612 1330 705 1383 Aricia
722 1331 803 1399 misit,

16 1453 20 1463 .
113 1407 250 1460 Eduetum
269 1407 383 1474 Egeriae
401 1404 469 1460 lucis
486 1405 628 1460 humentia
646 1406 747 1460 circum

113 1483 213 1548 Litora,
231 1483 339 1552 pinguis
357 1482 404 1536 ubi
422 1485 451 1536 et
469 1483 609 1551 placabilis
627 1499 675 1536 ara
693 1482 803 1538 Dianae.

112 1557 239 1629 Namque
255 1559 349 1613 ferunt
367 1560 439 1613 lama
461 1559 647 1629 Hippolytum,
668 1563 812 1630 postquam
832 1565 896 1616 arte
915 1577 962 1615 no-

180 1653 276 1690 vercae
926 1651 963 1694 sss

110 1712 251 1767 Occiderit
268 1713 426 1782 patriasque
444 1713 563 1781 explerit
581 1713 711 1781 sanguine
729 1729 830 1782 poenas

110 1789 239 1843 Turbatis
257 1789 405 1844 distractus
423 1790 510 1858 equis,
528 1790 564 1843 ad
582 1791 674 1844 sidera
691 1806 785 1843 rursus

112 1866 245 1918 Aetheria
263 1869 292 1919 et
310 1882 422 1933 superas
440 1865 509 1918 caeli
527 1867 632 1919 venisse
650 1865 701 1918 sub
718 1882 806 1932 auras,

112 1941 236 1994 Paeoniis
254 1946 409 1995 revocatum
427 1941 519 1994 herbis
536 1945 566 1994 et
584 1958 677 1994 amore
696 1941 805 1995 Dianae.

109 2017 179 2068 ‘Eum
199 2012 282 2069 Pater
299 2017 478 2084 omnipotens,
496 2016 614 2083 aliquem
631 2016 789 2083 indignatus
806 2015 842 2069 ab
859 2017 962 2071 umbris

111 2091 258 2144 Mortalem
276 2091 390 2143 infernis
407 2091 444 2143 ad
461 2091 564 2144 lumina
582 2106 695 2157 surgere
713 2091 794 2157 vitae,
925 2106 961 2163 771

112 2168 176 2236 lpse
194 2170 361 2233 repertorem
379 2166 531 2220 medicinae
549 2166 611 2219 talis
629 2169 658 2219 et
676 2165 743 2218 artis

112 2243 239 2296 Eulmine
258 2241 459 2309 Phoebigenam
480 2241 587 2308 Stygias
606 2241 727 2294 detrusit
744 2241 781 2294 ad
798 2242 892 2298 undas.

112 2322 152 2372 ht
171 2319 260 2372 Trivia
280 2318 460 2386 Hippolytum
479 2318 591 2370 secretis
608 2316 679 2369 alma
696 2317 820 2372 recondit

110 2395 237 2461 Sedibus,
256 2397 285 2448 ot
302 2393 435 2462 nymphae
456 2393 572 2460 Egeriae
590 2392 748 2461 nemorique
765 2394 879 2462 relegat,
926 2409 962 2450 rra

111 2472 189 2525 Solus
207 2471 252 2523 ubi
271 2471 299 2523 in
316 2469 391 2522 silvis
411 2469 489 2522 Italis
507 2466 633 2535 ignobilis
651 2484 747 2522 aevum
834 2519 837 2522 ,

111 2548 248 2615 Exigeret,
267 2562 402 2614 versoque
419 2545 466 2599 ubi
485 2544 593 2600 nomine
612 2544 724 2599 Virbius
738 2549 823 2617 esset.

111 2623 194 2676 Unde
212 2623 295 2676 etiam
314 2621 424 2689 templo
435 2619 540 2674 Triviae
558 2620 680 2691 lucisque
699 2619 832 2676 sacratis?
920 2621 924 2626 ’

110 2698 280 2766 Cornipedes
298 2699 427 2750 areentur
445 2697 516 2766 equi,
535 2697 609 2766 quod
626 2698 707 2751 litore
725 2713 835 2751 currum

112 2775 148 2828 Et
164 2775 289 2828 iuvenem
306 2773 436 2827 monstris
453 2773 545 2841 paridi
563 2773 684 2828 effudere
701 2774 821 2828 marinis
925 2787 962 2830 rae

112 2851 198 2904 Eilius
217 2849 340 2903 ardentis
358 2848 433 2902 haud
451 2849 535 2903 setius
553 2866 672 2917 aequore
689 2850 777 2918 campi

112 2924 266 2981 Exercebat
284 2941 369 2994 equos
385 2941 521 2994 curruque
538 2927 566 2979 in
585 2925 657 2978 bella
674 2925 779 2980 ruebat.
1007 2984 1009 2989 ⁴

148 3003 212 3070 lpse
229 3001 303 3055 inter
319 3002 421 3069 primos
439 3001 591 3069 praestanti
608 3017 721 3069 corpore
740 3001 847 3055 'l'urnus
934 3032 936 3035 -

112 3079 240 3132 Vertitur
258 3094 334 3130 arma
352 3081 456 3143 tenone,
475 3081 504 3132 et
521 3081 581 3132 toto
600 3078 701 3132 vertice
720 3094 803 3145 supra
820 3082 868 3132 cst.

109 3154 163 3209 Cui
180 3154 280 3224 triplici
297 3154 397 3208 crinita
413 3152 479 3207 iuba
495 3153 574 3222 galea
591 3153 648 3210 alta
665 3153 838 3210 Chimaeram
925 3169 962 3211 sss
