2032 3524
342 118 417 166 AEN
422 118 527 168 moos
550 119 619 170 LIB.
641 119 676 168 X.
889 125 935 170 285

88 199 227 269 Defendit,
245 203 401 270 multosque
418 202 496 270 palus
516 202 670 267 Laurentia,
689 203 757 256 silva

88 276 187 329 Paetus
199 278 356 344 arundinea,
367 282 512 345 postquam
524 278 597 330 inter
608 278 679 330 retia
691 282 802 331 ventum
816 282 865 344 est,
901 293 936 333 rm

86 349 225 420 Substitit,
243 353 437 420 infremuitque
456 353 531 404 ferox
550 356 579 404 ct
598 352 733 404 inhorruit
751 369 858 419 armos3

85 426 111 478 N
114 443 144 479 cc
162 429 288 495 cuiquam
306 429 385 481 irasci
404 428 549 496 propiusve
567 428 698 495 accedere
716 429 810 495 virtus,

85 502 140 555 Sed
159 504 253 557 iaculis
270 505 393 573 tutisque
411 504 505 572 procul
524 504 686 557 clamoribus
704 506 823 558 instant:

87 577 170 632 Haud
188 580 276 649 aliter,
296 582 384 634 iustae
402 580 501 649 quibus
520 583 563 633 est
582 580 736 635 Mezentius
753 582 818 647 irae,

86 653 146 706 Non
164 657 212 709 ulli
230 661 273 711 est
292 659 398 710 animus
417 657 512 709 stricto
530 672 691 710 concurrere
708 657 795 723 ferro;
901 673 937 714 ns

84 730 234 785 Missilibus
252 733 333 801 longe
351 737 381 786 et
398 736 475 785 vasto
493 732 611 785 clamore
629 732 780 787 lacessunt:

84 806 136 860 ille
154 811 246 861 autem
264 810 407 878 inpavidus
424 808 511 876 partis
530 812 673 861 cunctatur
691 810 719 861 in
737 811 831 878 omnis,

83 881 221 936 Dentibus
239 885 405 952 infrendens,
424 887 453 937 et
471 887 550 951 tergo
572 884 678 937 decutit
696 885 795 940 hastas.

83 957 207 1012 Venerat
224 962 345 1029 antiquis
364 960 476 1028 Corythi
494 959 529 1012 de
549 959 648 1012 finibus
668 962 769 1028 Acron,

82 1033 181 1088 Graius
193 1035 280 1102 homo,
293 1037 408 1090 infectos
420 1036 546 1103 linquens
559 1035 689 1104 profugus
702 1035 877 1104 hynienacos3
898 1051 935 1094 tao

83 1109 164 1163 Hunc
182 1111 228 1164 ubi
247 1113 407 1166 miscentem
425 1111 505 1178 longe
523 1111 615 1164 media
634 1111 743 1178 agmina
761 1113 838 1180 vidit,

83 1184 253 1254 Purpureum
271 1188 368 1256 pennis
386 1191 415 1240 et
432 1191 529 1255 pactae
547 1186 668 1255 coniugis
687 1191 774 1240 ostro:

82 1260 211 1329 Inpastus
229 1263 338 1316 stabula
355 1264 411 1317 alta
429 1263 472 1315 leo
490 1279 540 1315 ceu
558 1278 639 1329 saepe
657 1279 813 1331 peragrans,

81 1336 185 1392 Suadet
203 1339 275 1392 enim
293 1356 393 1392 vesana
411 1339 503 1405 fames,
523 1338 545 1390 si
563 1339 635 1390 forte
652 1339 777 1405 fugacem

80 1412 230 1481 Conspexit
250 1431 384 1483 capream,
403 1418 451 1467 aut
471 1419 629 1481 surgentem
649 1415 676 1466 in
697 1432 798 1469 cornua
815 1433 933 1488 cervum,

81 1487 198 1554 Gaudet,
216 1490 294 1544 hians
312 1491 427 1557 inmane,
445 1506 590 1557 comasque
608 1491 719 1557 arrexit,
739 1495 767 1545 et
785 1491 881 1546 haeret

81 1564 239 1619 Visceribus
258 1583 340 1636 super
357 1566 532 1631 incumbens;
550 1566 617 1619 lavit
635 1567 751 1635 inproba
769 1570 860 1622 taeter

80 1639 137 1694 Ora
154 1659 250 1697 cruor:

80 1717 124 1770 Sic
143 1718 199 1771 ruit
216 1718 244 1771 in
263 1719 361 1772 densos
379 1719 468 1772 alacer
487 1719 639 1772 Mezentius
658 1719 752 1772 hostis.

76 1792 219 1847 'Sternitur
236 1794 329 1847 infelix
350 1798 450 1861 Acron,
469 1799 498 1848 et
516 1794 634 1848 calcibus
652 1799 741 1847 atram
896 1811 932 1852 rao

80 1868 182 1923 Tundit
198 1869 311 1922 humum
330 1872 478 1939 exspirans,
497 1871 668 1938 infractaque
686 1871 742 1923 tela
760 1875 892 1927 cruentat.

81 1945 175 2013 Atque
193 1945 266 1998 idem
285 1946 434 2013 fugientem
452 1946 526 1999 haud
544 1950 586 1999 est
605 1947 733 2013 dignatus
752 1947 861 2000 Oroden

79 2019 217 2088 Sternere,
235 2038 284 2075 nec
302 2015 374 2074 iacta
391 2039 500 2075 caccum
519 2023 585 2074 dare
603 2022 714 2089 cuspide
732 2022 845 2088 volnus;

80 2094 183 2149 Obvius
202 2097 371 2165 adversoque
391 2098 514 2163 occurrit,
534 2114 618 2166 seque
637 2097 694 2149 viro
712 2097 754 2149 vir

78 2171 209 2241 Contulit,
228 2173 302 2226 haud
319 2174 393 2226 furto
412 2174 513 2239 melior,
532 2175 581 2226 sed
600 2172 715 2226 fortibus
734 2174 824 2225 aunis.
894 2188 930 2228 tas

79 2246 147 2300 Tum
165 2264 247 2317 super
264 2249 401 2302 abiectum
421 2250 510 2317 posito
528 2250 600 2317 pede
618 2250 698 2300 nixus
714 2253 746 2301 ct
763 2249 854 2302 hasta:

79 2321 146 2376 Pars
163 2323 228 2378 belli
247 2325 321 2378 liaud
339 2326 494 2392 temnenda,
514 2326 572 2391 viri,
591 2327 662 2378 iacet
680 2325 752 2377 altus
772 2325 885 2378 Orodes.

79 2398 253 2454 Conclamant
272 2401 335 2453 socii
353 2402 455 2454 lactum
474 2418 578 2469 paeana
596 2400 689 2454 secuti.

79 2474 130 2528 Ille
148 2481 240 2530 autem
259 2478 413 2544 exspirans:
432 2479 493 2530 Non
511 2495 563 2544 mc,
582 2477 746 2544 quicumque
763 2493 800 2541 es,
818 2476 911 2544 inulto,

78 2549 182 2619 Victor,
200 2569 251 2607 nec
268 2553 378 2619 longum
397 2553 551 2617 laetabere3
570 2559 598 2607 tc
617 2570 726 2622 quoque
743 2553 801 2605 fata
893 2568 931 2607 zm

78 2625 259 2697 Prospectant
277 2629 359 2696 paria,
378 2633 462 2696 atque
480 2630 575 2682 cadem
594 2646 657 2680 mox
676 2645 741 2681 arva
758 2628 871 2681 tenebis.

79 2702 126 2755 Ad
144 2720 227 2771 quem
246 2704 390 2757 subridens
408 2706 494 2757 mixta
513 2705 667 2757 Mezentius
684 2705 737 2758 ira:

78 2777 278 2833 Nuncmorere.
299 2782 352 2833 Ast
361 2781 396 2833 de
407 2797 450 2833 mc
460 2781 549 2833 divom
558 2784 638 2848 pater
646 2780 927 2847 atquelmminnmrex

80 2854 195 2909 Viderit.
227 2856 288 2908 Hoc
307 2855 400 2908 dicens
418 2856 514 2909 eduxit
532 2873 644 2924 corpore
662 2856 755 2908 telum.

75 2929 130 2983 Olli
150 2931 220 2984 dura
237 2932 315 3000 quies
332 2933 422 2985 oculos
440 2937 469 2985 et
486 2933 591 2987 ferreus
608 2936 709 2998 urguet
891 2946 927 2986 74⁵

78 3005 208 3072 Somnus3
226 3008 254 3060 in
271 3013 410 3061 aeternam
429 3009 593 3060 clauduntur
612 3008 713 3059 lumina
730 3009 844 3060 noctem.

78 3081 211 3135 Caedicus
230 3084 394 3136 Alcathoum
413 3083 564 3149 obtruncat,
585 3083 711 3137 Sacrator
731 3083 887 3144 Hydaspen,

78 3156 312 3228 Partheniumque
330 3159 408 3228 Rapo
426 3162 455 3212 ct
472 3160 639 3228 praedurum
658 3155 715 3212 viril
779 3157 801 3202 C
