2032 3524
358 105 540 158 AENEIDOS
556 107 624 159 LIB.
643 109 707 160 VII.
921 113 967 161 219

110 189 221 260 stipitis
232 186 281 244 lric
298 189 405 258 gravidi
422 189 516 256 nodis;
535 188 611 257 quod
629 189 727 259 cuique
746 190 887 258 repertum

113 266 243 333 Rimanti,
260 266 347 320 telum
363 265 405 319 ira
421 265 494 320 facit.
532 266 622 320 Vocat
640 265 749 334 agmina
766 265 910 333 Tyrrhena,

113 341 304 408 Quadrifidam
323 357 455 411 quercum
473 342 567 396 cuneis
584 345 616 395 ut
633 342 705 396 forte
722 341 823 395 coactis

113 417 269 487 Scindebat,
287 423 367 488 rapta
384 418 490 487 spirans
508 419 617 472 inmane
636 417 729 472 securi
931 429 968 471 tro

114 497 154 548 At
172 508 286 549 saevae
304 495 420 563 speculis
438 499 546 563 tempus
564 495 617 548 dea
633 496 714 547 nacta
732 492 846 546 nocendi

115 571 212 624 Ardua
229 573 304 624 tecta
320 570 391 639 petit
409 570 518 637 stabuli,
536 575 565 624 et
584 571 619 624 de
637 567 755 624 culmine
772 585 878 623 summo

117 646 255 700 Pastorale
273 646 347 700 canit
365 646 479 714 signum,
497 663 635 716 cornuque
654 663 767 701 recurvo

114 723 272 776 'lantaream
289 722 410 776 intendit
428 739 528 791 vocem,
546 739 601 792 qua
618 722 743 792 protinus
760 737 840 776 omne

114 795 287 851 Contremuit
304 814 399 852 nemus
417 802 446 851 et
463 798 546 852 silvae
563 799 706 852 insonuere
724 796 892 865 profundam
919 810 967 851 ’διε

117 871 213 926 Audiit
231 876 259 927 et
277 873 382 927 Triviae
399 874 479 941 longe
496 873 584 939 lacus3
602 873 690 928 audiit
707 874 794 926 arnnis

114 948 240 1002 sulfurea
258 949 315 1003 Nar
333 949 411 1002 albus
429 965 500 1017 aqua
516 949 661 1017 fontesque
678 948 777 1013 Velini,
807 1018 809 1021 Ι

115 1023 151 1078 lit
169 1025 294 1093 trepidae
312 1029 413 1078 matres
431 1041 556 1092 pressere
572 1025 609 1078 ad
626 1029 740 1093 pectora
757 1025 842 1078 natos

114 1099 184 1153 'lum
202 1117 266 1154 vero
285 1100 321 1153 ad
340 1116 432 1153 vocem
450 1100 560 1168 celeres,
578 1117 632 1169 qua
650 1099 749 1153 bucina
767 1100 873 1168 signum

116 1175 182 1228 Dira
200 1175 285 1241 dedit,
304 1176 391 1244 raptis
409 1180 570 1229 concurrunt
588 1175 709 1244 undique
725 1174 790 1229 telis
925 1191 962 1233 ano

118 1250 250 1303 Indomiti
270 1250 419 1318 agricolae;
437 1267 486 1304 nec
504 1267 557 1303 non
575 1254 604 1305 et
622 1250 702 1304 Troia
719 1249 806 1318 pubes

119 1327 238 1378 Ascanio
255 1325 385 1380 auxilium
403 1328 499 1381 castris
517 1327 632 1381 effundit
650 1327 759 1397 apertis

118 1402 249 1455 Direxere
266 1402 344 1456 acics.
379 1402 441 1456 Non
459 1405 513 1456 iam
531 1405 680 1458 certamine
698 1403 809 1473 agresti,

117 1477 264 1546 stipitibus
281 1477 357 1533 duris
375 1480 466 1548 agitur
483 1479 629 1534 sudibusve
646 1480 789 1550 praeustis,

119 1555 173 1608 Sed
192 1555 263 1608 ferro
282 1556 393 1625 ancipiti
411 1556 569 1624 decernunt,
587 1561 703 1627 atraque
720 1558 776 1612 late
929 1556 966 1603 ⁵25

119 1631 261 1686 Horrescit
279 1633 382 1687 strictis
399 1650 477 1702 seges
495 1633 613 1701 ensibus,
631 1651 750 1704 aeraque
768 1633 873 1702 fulgent

119 1707 180 1761 Sole
197 1707 329 1778 lacessita,
348 1714 377 1763 et
394 1710 482 1764 lucem
501 1709 552 1764 sub
569 1711 662 1764 nubila
679 1711 796 1765 iactant:

120 1783 230 1838 Fluctus
247 1785 288 1838 uti
304 1785 392 1853 primo
409 1787 499 1855 coepit
516 1803 577 1840 cum
595 1787 733 1840 albescere
752 1789 840 1852 vento,

121 1860 253 1913 Paulatim
271 1877 330 1914 sese
349 1861 421 1915 tollit
438 1879 513 1915 mare
532 1866 560 1916 et
578 1862 660 1916 altius
679 1862 766 1915 undas

120 1936 216 2002 Erigit,
233 1935 299 1989 inde
316 1936 371 1988 imo
389 1937 529 2004 consurgit
546 1938 581 1990 ad
599 1937 713 1991 aethera
729 1935 821 1990 fundo.
930 1950 968 1991 tao

122 2011 173 2063 Hic
190 2010 294 2063 iuvenis
310 2011 426 2078 primam
444 2016 507 2065 ante
525 2011 610 2065 aciem
628 2012 764 2065 stridente
782 2012 889 2079 sagitta,

120 2086 252 2138 Natorum
271 2084 383 2151 Tyrrhei
400 2086 490 2140 fuerat
509 2088 556 2154 qui
574 2103 724 2151 maxumus,
744 2085 832 2150 Almo,

119 2160 276 2225 Sternitur3
293 2159 382 2213 haesit
399 2162 472 2214 eninr
491 2160 542 2215 sub
559 2164 673 2229 gutture
690 2161 786 2214 volnus
803 2165 834 2215 et
849 2161 921 2215 udae

119 2237 201 2289 Vocis
218 2236 273 2290 iter
290 2238 454 2304 tenuemque
472 2235 582 2290 inclusit
599 2237 729 2304 sanguine
747 2236 838 2291 vitam.
936 2249 939 2255 '

120 2312 239 2380 Corpora
257 2312 343 2364 multa
359 2311 448 2364 virum
465 2312 544 2377 eirea,
563 2311 707 2380 seniorque
725 2311 863 2379 Galaesus,
931 2329 967 2370 eet

120 2388 190 2440 Dum
207 2388 268 2456 paci
285 2387 405 2441 medium
423 2404 453 2441 se
471 2387 556 2453 offert,
574 2386 739 2443 iustissimus
756 2406 826 2443 unus

120 2464 171 2528 Qui
189 2464 240 2518 fuit
259 2463 442 2532 Ausoniisque
460 2463 524 2516 olim
543 2462 693 2518 ditissimus
709 2465 796 2521 arvis:

119 2540 245 2608 Quinque
261 2555 359 2608 greges
376 2539 416 2591 illi
433 2539 580 2608 balantum,
599 2539 683 2608 quina
699 2541 827 2598 redibant

122 2617 260 2683 Armenta,
279 2619 310 2670 et
326 2618 428 2669 terram
446 2618 556 2670 centum
573 2615 700 2672 vertebat
718 2620 821 2673 aratris

153 2691 248 2759 Atque
260 2708 293 2745 ea
303 2707 353 2760 per
364 2707 473 2760 campos
483 2708 570 2759 aequo
582 2691 647 2748 dum
660 2692 750 2749 Marte
761 2699 902 2764 geruntur,
931 2708 967 2751 w

119 2766 248 2820 Promissi
265 2766 317 2821 dea
335 2766 406 2820 facta
422 2770 527 2837 potens,
546 2767 593 2824 ubi
610 2769 740 2837 sangiune
757 2769 859 2824 bellum

122 2841 224 2896 lnrbuit
240 2846 270 2898 et
287 2842 391 2913 primae
408 2843 542 2899 commisit
559 2844 655 2900 funera
671 2861 787 2914 pugnae,

118 2917 229 2972 Deserit
247 2917 418 2989 Hesperiam,
436 2923 465 2973 et
482 2920 549 2974 caeli
566 2937 696 2975 conversa
712 2936 763 2988 per
779 2935 859 2974 auras

120 2995 250 3049 lunonem
267 2994 365 3050 victrix
383 2995 493 3049 adfatur
510 3012 575 3050 voce
593 2994 724 3066 superba:

119 3071 167 3138 Iln,
185 3070 307 3138 perfecta
323 3070 376 3125 tibi
393 3071 464 3126 bello
482 3071 618 3126 discordia
635 3071 725 3137 tristi;
930 3084 968 3131 w

120 3146 178 3265 Dic,l
184 3146 222 3265 8in
239 3146 386 3202 amicitiam
404 3151 502 3203 coeant
518 3149 549 3203 et
565 3146 677 3203 foedera
694 3146 816 3216 iungant.
