2032 3524
333 120 517 174 AENEIDOS
533 124 602 173 LIB.
620 125 655 173 X.
879 133 926 180 283

77 206 174 260 Mento
192 205 281 273 dares,
299 208 382 273 atque
401 205 469 259 haee
487 207 577 259 Turne
595 210 657 260 rata
674 207 731 261 vitu
749 211 890 264 maneretl

78 282 158 334 Nunc
176 285 268 334 manet
285 281 420 335 insontem
438 283 529 348 gravis
547 282 652 348 exitus3
670 286 719 335 aut
733 300 784 351 ego
798 284 856 337 veri
891 301 927 338 aec

78 358 157 411 Vana
174 358 254 411 feror.
292 358 371 421 Quod
389 362 421 412 ut
439 375 455 410 o
473 359 564 426 potius
581 358 725 412 formidine
742 359 812 413 falsa

78 433 179 500 Ludar,
198 438 227 486 ct
245 433 273 486 in
290 434 388 487 melius
405 438 461 502 tua,
481 435 527 503 qui
544 439 631 503 potes,
649 451 711 488 orsa
729 436 870 491 reflectas!

79 510 156 563 Hace
175 509 222 563 ubi
240 510 315 563 dicta
333 510 418 576 dedit,
437 511 511 564 eaelo
529 528 559 564 se
576 512 701 579 protinus
719 512 774 565 alto

79 585 163 652 Misit,
182 603 267 654 agens
284 586 402 640 hiemem
420 587 512 641 nimbo
531 588 668 641 succincta
685 605 735 657 per
752 606 840 656 auras,

81 661 247 731 Iliacamque
265 663 352 716 aciem
371 667 399 717 et
418 664 566 716 Laurentia
584 668 674 717 eastra
692 665 798 732 petivit.
890 679 926 718 aas

79 738 147 790 'lum
165 738 217 792 dea
235 739 307 792 nube
325 756 390 792 <ava
407 743 518 793 tenuem
536 741 595 793 sine
613 740 716 793 viribus
734 741 857 793 umbram

81 815 113 867 In
130 814 228 868 faciem
247 816 453 869 Aeneae—visu
471 816 594 869 mirabile
612 821 798 871 nronstrum-
900 813 902 815 ’

80 891 224 944 Dardaniis
242 897 322 945 ornat
339 893 409 958 telis,
427 892 599 960 clipeumque
616 893 750 960 iubasque

80 967 171 1021 Divini
188 967 336 1022 adsimulat
354 968 459 1037 capitis,
479 967 527 1021 dat
545 968 636 1021 inania
653 968 744 1035 verba,
987 1022 989 1024 .

81 1043 135 1097 Dat
153 1044 211 1098 sine
224 1049 316 1098 mente
331 1060 435 1111 sonum,
449 1061 614 1112 gressusque
630 1044 735 1112 effingit
752 1044 856 1098 euntis:
891 1059 928 1097 cro

80 1119 171 1191 Morte
189 1119 264 1174 obita
281 1120 370 1189 qualis
388 1120 460 1172 fama
478 1124 521 1172 est
539 1120 653 1173 volitare
671 1120 780 1187 figuras,

80 1197 141 1249 Aut
158 1212 229 1263 quae
247 1197 350 1265 sopitos
368 1195 502 1249 deludunt
520 1196 624 1248 somnia
642 1212 743 1249 sensus.

81 1273 121 1324 At
138 1272 240 1340 primas
258 1272 330 1326 laeta
348 1275 412 1324 ante
430 1273 501 1324 acies
520 1272 640 1325 exsultat
657 1271 754 1339 imago,

81 1347 237 1416 Inritatque
254 1350 342 1401 virum
360 1348 423 1400 telis
442 1351 471 1401 ct
488 1365 553 1401 voce
571 1348 686 1402 lacessit.

81 1423 171 1478 Instat
189 1423 232 1478 cui
250 1425 365 1492 Turnus,
383 1424 601 1492 stridentemque
620 1425 724 1477 eminus
742 1424 849 1477 hastam
892 1437 929 1476 ses

81 1499 213 1565 Oeniieit;
236 1500 283 1553 illa
301 1500 366 1554 dato
384 1500 468 1552 vertit
486 1500 602 1567 vestigia
619 1500 705 1567 tergo.

80 1575 148 1628 'lum
167 1592 231 1630 vero
247 1578 364 1646 ,Aenean
381 1592 506 1628 aversum
525 1579 556 1628 ut
574 1575 672 1629 cedere
690 1575 796 1628 Turnus

81 1651 214 1719 Credidit,
231 1657 315 1721 atque
333 1653 422 1705 animo
441 1669 517 1720 spem
535 1651 663 1704 turbidus
680 1651 773 1704 hausit
790 1651 911 1703 inanem:

81 1727 141 1792 Quo
158 1727 237 1796 iugis,
257 1730 369 1782 Aeneal
387 1728 521 1782 thalamos
539 1744 574 1780 ne
592 1728 689 1780 desere
706 1731 816 1796 pactes;

81 1803 142 1858 Hac
160 1803 272 1857 dabitur
289 1803 389 1858 dextra
405 1803 487 1856 tellus
506 1804 630 1872 quaesita
647 1820 698 1871 per
715 1803 810 1856 undas.
893 1816 930 1854 ceo

81 1879 157 1933 Talia
173 1881 324 1934 vociferans
342 1880 474 1947 sequitur,
492 1880 672 1947 strictumque
690 1881 815 1931 coruscat

81 1955 254 2022 Macronem3
272 1972 322 2009 nee
340 1957 412 2010 ferre
429 1956 505 2009 videt
523 1972 572 2008 sua
589 1955 689 2022 gaudia
707 1957 810 2007 ventos.

82 2031 166 2085 Forte
182 2032 255 2085 ratis
268 2032 333 2085 celsi
351 2033 493 2085 coniuncta
512 2031 652 2099 crepidine
671 2031 728 2082 sarni

81 2107 219 2181 Expositis
237 2107 329 2161 stabat
347 2108 425 2160 scalis
444 2113 473 2160 et
490 2113 573 2175 ponte
590 2110 693 2174 parato,

82 2183 142 2246 Qua
158 2199 208 2236 rex
227 2183 342 2237 Clusinis
360 2184 490 2237 advectus
510 2183 619 2235 Osinius
637 2181 698 2234 oris.
896 2195 933 2234 usa

76 2259 146 2312 ¹Huc
163 2270 224 2313 seso
244 2260 350 2329 trepida
369 2262 479 2314 Aeneae
496 2259 625 2326 fugientis
643 2258 732 2324 imago

83 2335 199 2389 Ooniicit
215 2336 243 2388 in
262 2336 395 2402 latebras3
414 2353 464 2389 noe
480 2337 587 2388 Turnus
605 2333 714 2401 segnior
731 2333 824 2397 instat,

83 2411 291 2479 Exsuperatque
308 2428 405 2479 moras,
425 2416 453 2464 et
472 2412 561 2480 pontis
579 2409 698 2464 transilit
716 2407 792 2460 altos.

83 2487 138 2539 Vix
154 2505 263 2556 proram
282 2489 427 2555 attigerat:
446 2489 549 2555 rumpit
568 2486 696 2540 Saturnia
713 2485 814 2549 funem,

84 2563 270 2632 Avolsamque
286 2564 359 2632 rapit
376 2565 500 2617 revoluta
518 2579 568 2632 per
585 2579 704 2630 aequora
722 2575 826 2612 navem.
898 2573 935 2611 coo

84 2637 165 2692 Illum
183 2644 276 2692 autern
295 2640 403 2692 Aeneas
421 2639 562 2692 absentem
580 2639 609 2691 in
626 2638 730 2706 proclia
747 2633 849 2703 poscit:

84 2713 171 2767 Obvia
188 2714 275 2767 multa
293 2715 381 2768 virum
400 2715 523 2768 demittit
540 2731 653 2783 corpora
671 2713 761 2766 morti.

83 2789 152 2842 'lum
168 2790 235 2845 levis
253 2790 327 2842 haud
345 2792 418 2844 ultra
435 2791 555 2857 latebras
573 2792 626 2844 iam
646 2789 754 2858 quaerit
771 2787 869 2852 imago,

84 2864 140 2919 Sed
158 2865 273 2919 sublime
291 2866 384 2919 volans
401 2868 467 2920 nubi
485 2885 515 2921 se
533 2868 669 2920 inmiscuit
687 2871 778 2919 atrae:

84 2941 153 2995 Oum
172 2941 291 2994 Turnum
310 2943 400 2995 medio
418 2944 524 2997 interea
541 2944 595 2996 fert
614 2958 731 3010 aequore
749 2936 837 2992 turbo.
898 2951 935 2991 ooo

85 3017 208 3086 Respicit
226 3019 337 3084 ignarus
355 3035 447 3071 rerum
465 3020 644 3087 ingratusque
663 3017 764 3081 salutis,

84 3093 121 3147 Iit
139 3093 255 3162 duplicis
273 3109 334 3146 cum
352 3111 417 3147 voce
436 3112 531 3148 manus
548 3094 585 3148 ad
603 3091 694 3146 sidera
711 3091 815 3145 tendit:
917 3115 920 3120 ·

84 3168 265 3238 Omnipotens
281 3169 397 3237 genitor,
416 3171 517 3224 tauton'
537 3187 581 3224 me
600 3170 712 3224 erimine
730 3167 743 3220 d
