2032 3524
330 107 514 156 AENEIDOS
530 107 598 156 LIB.
617 108 682 156 VII.
880 109 926 158 216

82 189 201 243 (loniieit'
213 188 295 257 inque
312 186 401 241 sinum
418 187 575 256 praecordia
593 188 629 241 ad
646 189 743 242 intima
761 187 862 255 subdit,

81 266 141 329 Quo
156 264 302 318 furibunda
319 264 431 318 domum
448 268 569 318 monstro
587 264 748 332 permisceat
766 281 881 319 omnem.

82 341 140 406 llle,
158 339 231 394 inter
249 344 339 394 vestes
357 344 387 394 et
403 341 473 394 levia
491 343 603 408 pectora
621 341 719 408 lapsus,

81 415 207 469 Volvitur
224 419 330 470 attactu
347 416 428 483 nullo,
446 417 570 484 fallitque
588 417 732 484 furentem,
892 430 929 472 ses

81 491 227 559 Vipeream
245 492 378 560 inspirans
396 493 528 556 animam;
546 493 578 545 lit
597 491 689 545 tortile
708 493 774 546 collo

82 572 186 623 [rurum
204 569 299 636 ingens
316 568 434 636 coluber,
453 568 485 621 fit
502 568 597 635 longae
615 568 706 620 taenia
723 569 816 635 vittae,

82 643 254 710 lnncetitque
272 661 368 710 comas,
387 648 416 698 et
433 643 561 697 membris
580 643 698 698 lubricus
716 647 798 698 errat.

83 720 122 772 Ac
140 719 204 773 dum
222 721 309 788 prima
326 721 384 773 lues
402 720 457 772 udo
475 719 602 788 sublapsa
619 737 721 774 veneno
753 766 756 770 Α

81 795 252 863 Pertemptat
270 813 364 849 sensus
381 801 465 864 atquc
483 796 588 849 essibus
606 796 716 864 inplicat
733 798 831 865 ignem,
894 815 928 852 ess

81 871 203 924 Necdum
221 873 326 925 animus
344 876 403 925 toto
421 872 543 940 percepit
560 875 669 940 pectere
688 873 831 941 flammam,

80 948 196 1010 Mollius,
214 952 243 1001 ct
261 949 341 1002 solito
358 953 477 1001 matrum
496 948 530 1000 de
548 963 632 1014 more,
649 948 739 1002 locuta
756 952 807 1015 est,

80 1022 168 1076 Multa
186 1041 267 1092 super
284 1028 350 1077 nata
358 1023 509 1076 lacrimans
530 1023 708 1091 Phrygiisque
726 1025 892 1092 hymenaeis:
959 1053 961 1056 ·

84 1098 259 1152 lixsulibusuo
278 1100 361 1151 datur
379 1099 504 1152 ducenda
521 1099 633 1152 Lavinia
651 1100 769 1167 Teucris,

80 1175 103 1224 O
122 1175 245 1241 genitori
264 1191 313 1227 nec
331 1179 360 1227 to
378 1175 489 1227 miseret
506 1178 659 1243 gnataeque
676 1176 788 1245 tuiquel
892 1192 929 1231 un

82 1250 138 1302 Nec
156 1250 250 1303 matris
268 1251 388 1317 miseret,
406 1267 486 1318 quam
504 1251 591 1318 primo
610 1252 734 1320 aquilone
753 1254 890 1323 relinquet

82 1325 213 1393 Perfidus,
231 1326 287 1378 alta
304 1330 401 1393 petens
418 1325 536 1380 abducta
554 1327 666 1395 virgine,
685 1331 804 1395 praedol

82 1404 121 1454 ht
139 1419 191 1454 nou
210 1403 247 1455 sie
266 1402 400 1469 Phrygius
417 1406 545 1470 penetrat
563 1403 768 1457 Lacedaemona
784 1409 879 1474 pastor

81 1477 271 1547 Ledaeamque
292 1477 423 1531 Helenam
443 1478 571 1531 Troianas
590 1479 664 1532 vexit
682 1479 718 1532 ad
736 1481 825 1535 urbes.

80 1553 152 1616 Quid
170 1557 219 1607 tua
236 1558 329 1608 sancta
347 1554 431 1608 fidesl
451 1554 518 1622 quid
537 1571 601 1607 cura
618 1554 731 1623 antiqua
749 1561 857 1611 tuorum
893 1572 929 1612 ses

80 1630 116 1683 nt
134 1631 331 1699 consanguineo
348 1631 447 1684 totiens
467 1631 532 1683 data
550 1631 665 1683 dextera
684 1631 790 1688 'lumel

80 1706 107 1759 Si
123 1724 207 1774 gener
225 1711 339 1762 externa
356 1707 460 1774 petitur
479 1706 513 1760 do
531 1710 613 1774 gente
633 1707 744 1775 Latinis,

80 1782 168 1850 quue
185 1783 271 1850 sedet,
290 1783 432 1850 Faunique
451 1786 578 1850 premunt
596 1786 625 1835 tc
642 1784 714 1836 iussa
732 1785 859 1852 parentis,

80 1858 193 1911 Omnem
211 1859 338 1926 equidem
357 1859 470 1926 sceptris
488 1863 590 1911 terram
609 1875 678 1925 quae
696 1859 781 1912 libera
799 1861 899 1915 nostris

79 1933 207 1999 Dissidet,
226 1938 365 1987 externam
384 1951 453 1999 reor,
473 1939 502 1987 ot
520 1936 557 1987 sic
575 1935 667 1987 dicero
685 1935 767 1988 divos
893 1951 929 1990 370

79 2009 116 2061 Et
134 2009 230 2077 Turno,
249 2011 271 2061 si
289 2011 377 2076 prima
395 2010 490 2063 domus
508 2015 650 2076 repetatur
669 2011 751 2077 origo,

80 2084 197 2138 inachus
216 2085 391 2151 Acrisiusque
409 2089 501 2152 patres
518 2086 680 2153 mediaeque
699 2085 834 2153 Mycenae.

115 2161 165 2213 His
183 2160 227 2213 ubi
246 2160 411 2228 nequiquam
429 2161 509 2213 dictis
527 2166 642 2230 experta
660 2161 786 2214 Latinunl

79 2235 180 2288 Contra
198 2240 272 2290 stare
290 2235 373 2304 videt,
391 2237 553 2305 penitusque
570 2239 598 2290 in
616 2238 719 2290 viscera
736 2237 841 2305 lapsum

79 2312 217 2380 Serpentis
235 2312 331 2365 furiale
348 2313 455 2381 malum,
473 2316 615 2381 totamque
632 2317 763 2382 pererrat,
893 2329 929 2370 sss

79 2387 146 2440 'lum
164 2404 228 2441 vero
246 2388 349 2455 infelix,
368 2389 523 2456 ingentibus
542 2390 630 2443 excita
648 2391 783 2458 monstris,

79 2462 233 2516 Inmensam
252 2464 310 2517 sine
330 2481 405 2517 more
423 2465 489 2518 furit
506 2465 644 2533 lymphata
662 2484 711 2534 por
728 2467 837 2522 urbem:

79 2538 135 2591 Ceu
154 2539 290 2610 quondam
309 2544 382 2593 torto
400 2541 515 2593 volitans
534 2542 584 2593 sub
603 2542 716 2596 verbere
734 2543 823 2609 turbo,

79 2613 164 2677 Quem
183 2617 259 2681 pueri
277 2632 375 2683 magno
393 2617 420 2669 in
438 2633 504 2684 gyro
523 2634 606 2670 vacua
624 2619 694 2672 atria
712 2618 812 2670 circum

79 2690 183 2742 Intenti
201 2691 266 2744 ludo
285 2697 428 2758 exercent3
446 2693 492 2746 ille
510 2697 587 2748 actus
605 2694 710 2747 habena
892 2710 930 2748 sse

79 2766 205 2820 Curvatis
222 2767 310 2820 fertur
328 2769 435 2835 spatiis;
454 2773 547 2837 stupet
565 2771 650 2823 inscia
667 2787 748 2838 supra

80 2841 255 2910 inpubesque
273 2858 376 2909 manus,
394 2845 493 2898 mirata
510 2846 627 2899 volubile
646 2845 763 2910 buxum;

79 2915 154 2970 Dant
172 2917 275 2970 animos
291 2918 396 2987 plagae.
431 2921 493 2973 Non
511 2938 591 2974 cursu
610 2922 716 2989 segnior
734 2921 779 2973 illo

79 2992 133 3045 Per
150 2992 254 3045 medias
271 2993 354 3047 urbes
371 2995 462 3062 agitur
478 2998 646 3065 populosque
664 2997 768 3050 ferocis.

79 3069 150 3133 Quin
168 3069 251 3123 etiam
269 3069 297 3122 in
315 3069 402 3138 silvas,
420 3073 546 3126 simulato
564 3073 674 3125 numine
694 3073 801 3142 Bacchi,
894 3085 931 3128 ³8⁵

79 3142 167 3200 Maius
185 3144 283 3201 adorta
300 3145 376 3202 nefus
394 3148 577 3218 maioremque
595 3165 656 3201 orsa
673 3148 802 3217 furorem,
