2032 3524
326 439 356 487 P.
375 435 532 484 VERGILI
549 433 717 483 MARONIS

284 597 761 687 AENEIDOS

374 791 490 845 LIBER
508 788 676 843 TERTIUS.

392 964 397 971 -
474 947 575 977 -e—

102 1068 249 1126 Posrermn
269 1080 313 1116 res
333 1063 417 1114 Asiae
437 1060 593 1128 Priamique
613 1064 738 1118 evertere
756 1064 865 1128 gentem

100 1142 260 1196 inmeritam
279 1139 365 1190 visum
384 1137 503 1204 Superis,
521 1135 674 1202 ceciditque
692 1137 840 1205 superbum

100 1219 181 1270 llium
199 1219 228 1269 ct
246 1215 332 1267 omnis
350 1214 432 1265 humo
449 1212 537 1264 fumat
556 1212 695 1280 Neptunia
714 1213 800 1283 Troia,

100 1295 214 1347 Diversa
231 1292 326 1345 exsilia
345 1294 373 1343 et
391 1289 515 1342 desertas
534 1306 665 1356 quaerere
683 1294 772 1344 terras

100 1371 231 1438 Auguriis
249 1369 355 1436 agimur
373 1366 471 1433 divom,
489 1365 657 1434 classemque
676 1369 727 1421 sub
744 1369 804 1436 ipsa
940 1380 954 1422 t

101 1446 243 1500 Antandro
263 1449 291 1498 et
311 1444 443 1513 Phrygiae
460 1443 586 1495 molimur
604 1444 743 1497 montibus
762 1445 836 1511 ldae,

103 1524 210 1589 Incerti,
229 1539 283 1592 quo
301 1521 358 1573 fata
376 1521 473 1588 ferant,
493 1519 538 1573 ubi
557 1520 655 1573 sistere
674 1518 763 1588 detur,

101 1599 345 1667 Contrahimusque
364 1599 440 1651 viros⁴
479 1597 533 1648 Vix
551 1596 639 1665 prima
657 1597 796 1666 inceperat
814 1602 912 1665 aestas,

101 1669 137 1728 'ut
154 1679 234 1744 pater
252 1675 388 1728 Anchises
407 1675 473 1727 <iare
493 1673 557 1726 iatis
576 1672 636 1726 vela
654 1673 782 1739 iubebat;

101 1751 194 1804 Litora
212 1768 273 1804 cum
292 1753 397 1819 patriae
415 1751 558 1803 lacrimans
576 1753 726 1819 portusque
745 1751 867 1819 relinquo
931 1763 955 1803 ro

101 1827 138 1880 Et
155 1844 271 1895 campos,
290 1826 336 1878 ubi
356 1827 435 1879 Troia
452 1826 512 1880 fuit.
550 1827 637 1879 Feror
655 1827 731 1880 exsul
749 1828 777 1880 in
795 1827 880 1880 altum

101 1902 169 1956 Cum
189 1903 267 1954 sociis
284 1906 405 1968 natoque
425 1902 574 1954 Penatibus
593 1905 621 1954 et
639 1904 745 1970 magnis
763 1904 811 1956 dis.

136 1978 220 2030 Terra
238 1977 330 2045 procui
350 1977 434 2029 vastis
453 1977 550 2029 colitur
569 1978 703 2031 Mavortia
721 1980 830 2046 campis,

102 2054 219 2106 Thraces
238 2056 324 2119 arant,
342 2053 397 2104 acri
416 2053 553 2120 quondam
572 2057 685 2120 regnata
704 2054 833 2121 Lycurgo,

107 2129 261 2196 Hospitium
279 2128 422 2196 antiquum
441 2128 537 2180 Troiae
550 2129 673 2196 sociique
693 2128 818 2194 Penates,
933 2142 957 2180 15

104 2205 175 2257 Dum
195 2204 317 2258 Fortuna
333 2204 392 2257 fuit.
431 2204 515 2256 Feror
533 2204 592 2272 huc,
611 2208 640 2258 et
657 2205 737 2259 litore
755 2220 836 2257 curvo

104 2281 211 2335 Moenia
227 2282 316 2349 prima
333 2280 399 2348 loco,
417 2281 482 2333 fatis
500 2280 640 2349 ingressus
657 2282 764 2350 iniquis,

103 2357 303 2427 Aeneadasque
321 2374 381 2410 meo
398 2374 498 2410 nornen
516 2358 552 2409 de
569 2358 677 2410 nomine
695 2360 775 2425 fingo.

137 2435 218 2487 Sacra
236 2435 373 2488 Dionaeae
391 2435 473 2488 matri
491 2434 615 2502 divisque
632 2434 754 2488 ferebam

105 2511 269 2578 Auspicibus
286 2515 444 2580 coeptorum
463 2528 584 2580 operum,
603 2527 756 2580 superoque
774 2512 910 2564 nitentem
934 2523 957 2562 ao

104 2586 267 2639 Caelicolum
285 2588 343 2655 rogi
361 2587 513 2641 mactabam
531 2588 559 2640 in
577 2588 658 2641 litore
676 2591 794 2642 taurum.

105 2660 188 2714 Forte
205 2662 257 2714 fuit
275 2662 352 2716 iuxta
370 2665 499 2731 tumulus,
517 2681 571 2733 quo
589 2681 686 2718 cornea
704 2679 809 2716 summo

105 2735 232 2804 Virgulta
251 2741 280 2791 et
298 2738 389 2793 densis
407 2740 552 2794 hastilibus
570 2741 681 2793 horrida
698 2743 810 2808 myrtus.

106 2813 224 2879 Accessi,
242 2813 414 2883 viridemque
432 2815 467 2868 ab
485 2816 567 2869 humo
585 2817 737 2870 convellere
755 2816 850 2869 silvam

105 2888 233 2956 Conatus,
252 2890 334 2941 ramis
352 2893 474 2958 tegerem
492 2896 523 2945 ut
541 2892 732 2945 frondentibus
751 2908 818 2957 arae,
930 2909 954 2949 at

106 2964 282 3018 l·lorreudum
303 2969 331 3018 et
350 2964 425 3019 dictu
443 2967 521 3020 video
539 2969 664 3021 mirabile
681 2971 839 3020 monstrum.
862 3027 864 3031 y

106 3039 184 3108 Nam,
203 3058 273 3110 quae
291 3041 379 3108 prima
397 3043 453 3096 solo
471 3045 559 3112 ruptis
577 3045 714 3098 radicibus
731 3043 811 3097 arbos

107 3115 232 3184 vellitur,
251 3118 312 3173 huic
330 3123 390 3172 atro
408 3117 550 3189 liquuntur
568 3120 697 3189 sanguine
714 3122 810 3188 guttae
