2032 3524
358 115 434 162 AEN
436 115 543 164 EIDOs
564 117 632 165 LIB.
655 117 692 164 ΙΙ.
908 117 953 163 119

99 191 193 257 Arma,
212 192 270 260 viri,
288 194 361 247 ferte
379 210 469 259 anna3
488 198 566 248 vocat
584 195 631 249 lux
649 195 747 250 ultima
764 198 857 251 victos.

100 266 221 320 Reddite
238 285 282 321 me
301 269 416 334 Danais;
436 271 516 323 sinito
533 272 685 325 urstanrata
702 273 819 326 revisam

100 343 214 397 Proelia.
249 345 405 413 Numquam
423 364 516 400 omnes
535 347 614 401 hodie
632 349 780 406 moriemur
797 349 885 403 inulti.
919 362 956 404 077

135 419 207 472 Hinc
225 420 299 474 serre
318 423 445 489 accingor
462 440 555 476 rursus
574 425 715 493 clipeoque
733 426 871 479 sinistram

100 496 273 550 Insertabam
291 500 388 566 aptans
407 515 504 566 meque
523 503 602 552 extra
620 504 693 554 tecta
711 501 839 554 ferebam.

102 572 169 624 Ecce
188 576 280 626 autem
300 574 432 641 conplexa
450 575 534 642 pedes
553 576 581 628 in
599 576 690 630 limine
709 580 825 630 coniunx

102 648 249 716 Haerebat,
268 666 436 718 parvumque
454 652 526 716 patri
545 651 678 705 tendebat
698 653 801 707 Iulum:

100 726 128 778 Si
146 726 284 792 periturus
303 725 369 792 abis,
388 729 417 780 et
435 743 484 780 nos
502 744 567 796 rape
584 727 613 780 in
631 729 722 782 omnia
740 734 846 794 tecum3
919 744 955 784 ors

100 802 146 854 Sin
164 802 282 869 aliquam
302 807 433 870 expertus
451 804 566 871 sumptis
584 821 660 872 spem
678 806 756 872 ponis
773 805 802 858 in
819 805 908 872 armis,

103 878 180 930 Hanc
198 879 315 946 primum
335 882 427 932 tutare
444 879 564 938 domum.
601 880 652 933 Oui
669 898 768 949 parvus
788 881 873 948 Iulus,

101 955 151 1008 Cui
170 960 250 1023 pater
268 957 297 1008 et
315 955 430 1007 coniunx
450 955 588 1022 quondam
606 959 655 1009 tua
673 957 748 1010 dicta
765 957 920 1025 relinquorl

135 1031 209 1084 Talia
228 1031 379 1083 vociferans
398 1031 504 1096 gemitu
522 1034 626 1083 tectum
646 1049 726 1085 omne
744 1031 876 1100 replebat,

101 1107 169 1161 Ourn
188 1106 308 1159 subitum
328 1105 459 1172 dictuque
477 1106 564 1157 oritur
582 1107 704 1159 mirabile
723 1112 882 1160 monstrum.
919 1124 955 1162 oet

100 1182 225 1250 Namque
244 1198 340 1234 manus
357 1181 431 1232 inter
448 1184 670 1249 maestorumque
688 1200 736 1235 orn
754 1187 899 1250 parentum

102 1259 171 1311 Eece
187 1258 256 1310 levis
275 1273 380 1309 sunnno
399 1255 434 1309 de
453 1257 554 1310 vertice
574 1258 646 1310 visus
668 1260 719 1312 Iuli

101 1335 229 1387 Fundere
247 1334 337 1386 lumen
356 1350 433 1401 aper,
452 1337 583 1402 tactuque
601 1336 711 1389 innoxia
728 1336 818 1389 mollis

102 1410 235 1464 Lambere
253 1411 362 1463 flamma
377 1427 470 1474 'contos
488 1416 517 1464 et
535 1411 635 1465 circuni
654 1417 779 1481 tempora
796 1412 876 1480 pasci.

102 1487 158 1539 Nos
176 1487 268 1556 pavidi
286 1486 425 1555 trepidare
445 1489 527 1555 metu,
538 1489 694 1558 crinemque
713 1489 874 1555 flagrantem
919 1503 955 1543 aas

102 1563 238 1618 Excutere
256 1566 286 1616 et
303 1566 412 1615 sanctos
431 1563 600 1630 restinguere
618 1565 738 1618 lontibus
756 1564 834 1632 ignis

102 1640 142 1692 At
160 1644 239 1707 pater
258 1638 393 1692 Anchises
412 1638 503 1690 oculos
521 1638 556 1691 ad
575 1641 666 1694 sidera
683 1641 772 1694 laetus

102 1715 215 1782 Extulit,
234 1718 264 1768 et
281 1714 355 1768 caelo
374 1713 478 1781 palmas
496 1731 557 1766 oum
576 1733 641 1769 voce
659 1717 794 1770 tetendit:

103 1791 227 1859 Iuppiter
245 1791 424 1858 omnipotens
443 1790 569 1858 precibus
588 1793 610 1844 si
628 1792 747 1846 flecteris
765 1793 835 1861 ullis,
942 1853 944 1857 ,

103 1867 203 1934 Aspice
221 1884 284 1932 nos;
305 1867 355 1920 hoc
374 1873 496 1933 tantum;
514 1872 550 1934 et,
569 1869 591 1920 si
609 1869 713 1936 pietate
731 1886 875 1934 meremur,
918 1883 957 1941 pos

102 1941 145 1994 Da
163 1942 262 1995 deinde
281 1944 417 2010 auxilium,
436 1947 522 2011 pater,
541 1948 624 2010 atque
643 1944 710 1997 haec
728 1946 817 1997 omina
834 1945 920 1999 firma.

103 2017 157 2069 Vix
175 2019 298 2072 casatus
317 2023 377 2072 erat
395 2021 492 2084 senior,
512 2020 656 2087 subitoque
675 2021 783 2086 fragore

105 2093 228 2146 intonuit
245 2093 361 2161 laeuum,
378 2099 408 2148 et
426 2096 461 2148 de
480 2096 555 2148 caelo
572 2095 649 2162 lapsa
666 2112 715 2162 per
733 2094 844 2149 umbras

103 2169 189 2221 Stella
206 2170 292 2223 facem
311 2171 413 2225 ducens
431 2172 517 2224 multa
535 2187 596 2223 eum
614 2170 673 2223 luce
692 2171 818 2224 cucurrit.

106 2246 193 2311 illam,
211 2263 316 2300 summa
335 2264 417 2316 super
435 2247 573 2301 labentem
591 2245 708 2299 cadmina
726 2247 800 2314 tecti,
921 2260 958 2298 aas

102 2322 247 2376 Cernimus
267 2323 353 2378 Idaea
370 2324 471 2378 claram
492 2322 656 2376 recondere
675 2323 741 2376 silva

103 2398 316 2468 signantemque
335 2401 415 2464 uias3·
428 2404 487 2454 tum
505 2400 588 2466 longo
606 2398 693 2452 limite
713 2400 802 2453 sulcus

103 2474 159 2529 Dat
176 2475 272 2544 lucem,
290 2481 320 2531 et
338 2478 394 2530 late
412 2477 513 2530 circum
532 2475 590 2529 loca
609 2475 710 2528 sulfure
729 2477 842 2531 fumant.

104 2551 157 2603 Hic
175 2569 239 2605 vero
258 2554 345 2606 victus
362 2555 472 2621 genitor
489 2569 518 2605 so
536 2551 609 2606 tollit
626 2551 662 2604 ad
680 2568 768 2619 aurae,

104 2627 278 2697 Adfaturque
297 2629 362 2683 deos
381 2635 409 2684 et
428 2632 551 2683 sanetum
569 2628 645 2681 sidus
663 2628 768 2682 odorat.
922 2642 958 2682 700

105 2702 163 2754 Iam
176 2704 230 2755 ianr
242 2706 315 2758 nulla
327 2724 402 2760 mora
411 2711 455 2760 eat
462 2727 469 2770 ;
487 2721 594 2772 sequor,
605 2707 640 2769 et,
651 2703 933 2771 quadueitis,adsnn1.

106 2776 140 2831 lli
159 2780 248 2846 patrii,
267 2786 374 2835 servate
393 2782 511 2846 domum,
530 2784 637 2833 servate
655 2784 790 2847 nepotem

105 2853 236 2908 Vestrum
247 2856 297 2909 hoc
309 2858 460 2925 augurium,
473 2860 618 2923 vestroque
631 2858 657 2909 iu
670 2857 780 2910 numine
794 2855 872 2907 Troia
884 2857 934 2909 est.

104 2929 180 2982 Cedo
199 2931 333 2999 equidem,
352 2949 409 3000 nee,
427 2936 499 2999 nate,
519 2931 568 2986 tibi
586 2949 676 2988 comes
694 2933 734 2984 iro
752 2946 854 2983 recuso.

140 3005 256 3061 Dixerat
272 3008 333 3074 ille3
352 3012 381 3062 et
395 3009 451 3064 iam
469 3026 519 3077 per
536 3010 642 3062 moenia
658 3007 756 3061 clarior
774 3006 844 3074 ignis
922 3017 960 3058 ros

107 3082 236 3152 Auditur,
255 3084 421 3153 propiusque
438 3089 531 3139 aestus
548 3084 673 3140 incendia
691 3082 810 3146 volvunt.
879 3136 881 3140 Α

106 3157 180 3226 Ergo
197 3176 256 3228 age,
273 3177 336 3216 care
354 3163 439 3230 pater,
452 3161 553 3216 cernei
571 3161 702 3229 inponere
720 3160 846 3223 nostram
