2032 3524
373 123 554 172 Aruernos
572 124 641 174 LIB.
662 125 698 172 ΙΙ.
914 127 961 178 lla

109 209 214 262 Limina
231 209 367 259 tectorum
385 208 414 258 et
432 204 552 257 medium
571 204 599 256 in
615 204 804 273 penetralibus
822 204 936 270 hostem,
1007 245 1008 248 ,

109 287 196 337 Arma
213 283 261 335 diu
280 281 370 334 senior
388 281 503 334 desueta
520 281 703 334 trementibus
720 297 786 334 aevo

76 356 84 386 ⁸
110 358 267 413 Circumdat
284 357 449 424 nequiquam
468 356 596 422 humeris,
615 361 644 409 et
662 357 758 410 inutile
775 358 878 410 ferrum
921 371 959 412 sio

110 435 240 503 Cingitur,
258 449 289 486 ae
308 432 405 485 densos
423 432 511 484 fertur
530 433 679 485 moriturus
697 433 724 484 in
742 432 836 486 hostis.

110 511 235 564 Aedibus
252 510 280 562 in
299 507 396 561 mediis
414 508 542 575 nudoque
562 507 613 561 sub
632 509 752 562 aetheris
771 525 822 562 axe

111 589 211 655 Ingens
229 603 277 639 ora
293 585 346 637 fuit
363 585 493 650 iuxtaque
513 586 659 657 veterrima
676 586 775 652 laurus,

112 663 275 716 Incumbens
293 677 356 714 arae
374 664 457 728 atque
476 661 573 714 umbra
591 663 722 731 conplexa
741 663 857 716 Penatis.

114 740 165 793 llic
185 739 298 792 Hecuba
315 740 344 790 et
362 741 442 790 natae
461 739 627 807 nequiquam
647 740 742 792 altaria
760 740 870 806 circum,
929 751 966 792 51⁵

112 815 277 883 Praecipites
296 817 356 866 atra
374 830 424 866 ceu
442 818 606 883 tempestate
625 816 772 880 columbae,

113 891 270 945 (londensae
288 895 317 943 et
335 889 425 943 divom
444 892 585 959 amplexae
604 891 746 944 simulacra
764 892 902 944 sedebant.

114 967 205 1035 Ipsum
225 972 316 1018 autern
335 967 449 1034 sumptis
470 968 606 1019 Priamum
625 967 792 1019 iuvenalibus
809 968 890 1020 armis

114 1043 153 1096 Ut
170 1043 246 1108 vidit,
266 1044 342 1106 Quae
360 1059 437 1094 mens
454 1046 511 1094 tam
530 1043 596 1106 dira,
615 1043 765 1095 miserrime
783 1042 907 1108 coniunx,

114 1119 218 1187 Inpulit
237 1119 278 1170 his
297 1118 368 1184 cingi
387 1118 465 1170 telisl
484 1120 532 1169 aut
550 1134 605 1184 quo
623 1117 695 1169 ruisl
714 1117 810 1183 iuquit.
931 1130 979 1186 sao

115 1194 176 1248 Non
195 1195 242 1247 tali
260 1194 359 1246 auxilio
377 1209 426 1245 nec
444 1192 632 1246 defensoribus
649 1193 710 1245 istis

116 1272 233 1338 Tempus
252 1275 329 1336 eget3
348 1286 409 1334 non,
429 1270 451 1321 si
469 1270 527 1336 ipse
545 1285 621 1321 meus
641 1285 711 1321 nunc
729 1267 838 1321 adforet
856 1267 967 1319 Hector.

117 1348 180 1400 Huc
198 1345 309 1399 tandem
328 1343 460 1410 eoueede;
478 1344 544 1397 haec
563 1361 609 1397 ara
628 1344 751 1398 tuebitur
770 1344 865 1409 omnis,

118 1425 175 1476 Aut
192 1422 307 1475 moriere
326 1421 411 1474 simul.
450 1422 493 1474 Sic
512 1437 558 1473 ore
578 1421 661 1474 effata
678 1419 782 1488 recepit

117 1500 164 1554 Ad
182 1515 241 1552 sese
260 1502 289 1551 et
307 1514 382 1564 sacra
400 1498 559 1565 longaevum
578 1497 606 1548 in
625 1497 690 1549 seclo
709 1496 813 1549 locavit.
932 1508 970 1548 525

152 1577 220 1629 Ecce
238 1578 328 1628 autem
347 1573 454 1641 elapsus
475 1572 570 1641 Pyrrhi
588 1572 624 1626 de
644 1572 728 1625 caede
747 1571 856 1639 Polites,

118 1653 194 1706 Unus
212 1656 337 1705 natorum
357 1649 464 1709 Priami,
482 1665 531 1717 per
549 1649 613 1715 tela,
632 1666 682 1717 per
700 1649 786 1702 hostis

120 1728 271 1781 Porticibus
289 1727 375 1794 longis
392 1727 469 1793 fugit,
488 1730 517 1778 et
534 1741 619 1778 uacua
637 1725 707 1778 atria
725 1725 826 1777 lustrat

119 1806 240 1858 Saucius:
258 1805 333 1856 illum
352 1804 450 1857 ardens
468 1803 566 1855 infesto
584 1802 693 1855 volnere
713 1801 833 1869 Pyrrhus

120 1881 283 1947 Insequitur,
295 1880 348 1932 iam
362 1880 469 1945 iamque
481 1895 562 1930 manu
575 1880 653 1931 tenet
665 1881 694 1931 et
705 1876 807 1945 premit
819 1876 912 1931 hasta:
935 1890 972 1930 too

120 1957 158 2009 Ut
176 1956 287 2008 tandem
306 1959 370 2007 ante
389 1954 479 2006 oculos
498 1954 584 2007 evasit
603 1957 633 2006 et
650 1969 698 2005 ora
715 1956 868 2020 parentum,

121 2031 251 2094 Concidit,
270 2046 301 2082 aa
318 2029 405 2080 multo
423 2028 506 2080 vitam
525 2045 587 2080 eum
606 2029 736 2095 sanguine
754 2027 833 2080 fudit.

122 2107 175 2158 Hic
195 2105 324 2169 Priamus
342 2117 506 2170 quamquam
524 2102 552 2152 in
570 2102 730 2155 mediatam
748 2107 836 2154 morte
853 2104 972 2165 tenetur,

122 2181 181 2233 Non
200 2184 291 2232 tamen
308 2177 447 2243 abstinuit,
466 2194 516 2230 nec
534 2177 593 2230 roci
610 2178 722 2245 iraeque
741 2178 877 2244 pepercit:

123 2259 162 2310 At
180 2255 230 2309 tibi
248 2272 297 2322 pro
315 2254 424 2319 scelere,
443 2253 583 2319 exclamat,
601 2269 651 2321 pro
669 2252 769 2306 talibus
786 2253 865 2319 ausis,
939 2266 975 2306 aas

122 2334 164 2399 Di,
182 2333 204 2386 si
223 2349 277 2400 qua
294 2334 337 2385 est
355 2330 428 2384 eaelo
447 2329 541 2397 pietas,
561 2345 631 2398 quae
650 2328 716 2382 talia
734 2332 818 2395 curet,
871 2367 873 2371 .

123 2409 281 2462 Persolvant
298 2412 391 2475 grates
410 2406 505 2474 dignas
523 2409 553 2458 et
571 2404 691 2474 praemia
708 2404 827 2458 reddant

124 2486 229 2551 Debita,
248 2485 293 2552 qui
312 2484 369 2537 nati
387 2499 478 2536 coram
496 2498 540 2534 mo
559 2497 670 2534 cernere
688 2480 774 2534 letum

125 2561 223 2614 Fecisti
241 2564 269 2613 et
286 2559 389 2628 patrios
407 2557 525 2611 foedasti
542 2557 638 2610 funere
655 2556 751 2610 voltus.
992 2613 996 2628 φ

127 2641 164 2688 At
181 2653 235 2689 nou
252 2636 305 2700 ille,
324 2639 412 2688 satum
431 2650 485 2702 quo
503 2636 532 2686 te
550 2632 681 2699 mentiris,
701 2631 823 2685 Achilles
942 2643 995 2684 w

125 2712 197 2765 Talis
213 2712 241 2765 in
260 2711 338 2764 hoste
355 2710 408 2764 fuit
427 2709 551 2772 Priamo;
569 2707 617 2760 sed
635 2708 695 2761 iura
712 2706 851 2775 fidemque

126 2786 257 2854 Supplicia
275 2785 390 2851 crubuit,
409 2800 562 2853 corpusque
580 2800 717 2850 exsangue
736 2783 879 2850 sepulchro

127 2861 260 2914 Reddidit
278 2861 452 2927 Hectoreum,
469 2876 568 2927 meque
587 2859 614 2910 iu
632 2875 694 2911 mea
711 2875 795 2924 regna
813 2857 925 2910 remisit

127 2937 172 2991 Sic
189 2937 261 2989 fatus
279 2935 375 3001 senior,
393 2936 534 3003 telumque
551 2934 652 2987 inbelle
670 2935 728 2986 sine
746 2934 803 2985 ictu

128 3012 257 3078 Coniecit,
275 3027 356 3064 rauco
374 3010 448 3079 quod
463 3009 589 3077 protinus
606 3025 669 3062 aere
686 3009 824 3076 repulsum
944 3005 980 3059 sss

129 3089 165 3142 Et
182 3103 288 3141 summo
305 3087 383 3154 clipei
400 3086 565 3154 nequiquam
582 3085 699 3137 umbone
717 3082 853 3151 pependit.

134 3164 180 3216 oui
199 3163 331 3280 lffirrhus:
351 3163 466 3216 [trieres
483 3177 549 3228 ergo
566 3161 634 3214 haee
651 3163 681 3212 et
697 3159 809 3212 nuntius
826 3158 878 3211 ibis
