2032 3524
325 123 506 171 AENEIDOS
524 123 593 173 LIB.
612 124 675 172 VH.
877 124 923 175 207

78 208 173 275 Atque
190 205 234 259 hic
254 206 361 258 Aeneas
379 204 517 271 ingentem
535 219 569 256 ex
587 221 704 272 aequore
722 205 811 259 lucum

78 281 220 350 Prospicit.
257 281 338 334 Hunc
356 281 428 333 inter
445 279 526 332 fluvio
545 280 686 333 Tiberinus
704 297 824 348 amoeno,
900 294 925 346 ao

78 358 234 412 Verticihus
251 358 360 427 rapidis,
379 359 407 410 ct
424 356 511 410 multa
528 357 613 409 flavus
632 373 721 423 arena,

80 436 112 489 ln
130 451 204 488 mare
222 434 380 503 prorumpit.
417 432 516 486 Variae
534 434 689 500 circumque
707 450 844 502 supraque

80 510 220 564 Adsuetae
239 511 305 578 ripis
322 510 444 563 volucres
463 513 491 562 ct
510 509 627 562 fluminis
645 509 721 561 alveo

80 588 202 640 Aethera
220 586 375 639 mulcebant
393 589 481 650 cantu,
500 585 614 652 lucoque
633 585 770 639 volabant.

80 663 204 716 Flectere
221 664 276 716 iter
293 663 370 714 sociis
389 665 534 728 terraeque
553 662 697 714 advertere
715 678 809 729 proras
901 677 927 716 35

80 739 200 807 luperat,
219 742 248 792 et
266 739 354 792 laetus
372 739 454 791 fluvio
472 738 593 791 succedit
612 752 702 806 opaco.

114 816 193 869 Nunc
210 833 268 883 age,
287 816 334 883 qui
351 831 438 882 reges,
458 815 548 880 Erato,
569 831 639 883 quae
658 817 783 880 tempora
799 831 900 882 rernm,

80 892 146 955 Quis
165 892 243 944 Latio
261 892 373 958 antiquo
391 891 475 942 fuerit
494 893 590 955 status,
609 889 715 941 advena
733 889 845 943 classem

80 967 148 1021 Cum
165 969 282 1036 primum
301 966 430 1019 Ausoniis
449 966 584 1018 exercitus
603 964 709 1032 adpulit
727 966 788 1033 oris,

79 1044 238 1112 Expediam‚
257 1045 286 1096 et
304 1043 408 1109 primae
426 1041 558 1094 revocabo
577 1040 688 1093 exordia
706 1058 821 1108 pugnae.
902 1056 928 1096 so

79 1121 120 1173 'lu
137 1123 236 1184 vatem,
254 1121 293 1180 tu,
311 1117 381 1181 diva,
399 1133 484 1169 mone.
522 1116 747 1169 Dicam-horrida
764 1117 843 1182 bella,

80 1197 175 1248 Dicam
194 1193 273 1259 acies,
292 1194 420 1257 actosque
437 1192 533 1243 animis
551 1192 578 1244 in
596 1192 692 1245 funcra
709 1210 794 1261 reges,

80 1270 299 1337 Tyrrhenamque
317 1283 434 1332 manum,
452 1271 593 1336 totamque
612 1268 663 1320 sub
681 1286 757 1322 arma
774 1273 897 1324 coactam

81 1344 250 1412 Hesperiam.
288 1342 375 1394 Maior
393 1359 483 1395 rerum
502 1343 567 1396 mihi
584 1345 704 1397 nascitur
722 1345 797 1414 ordo,

80 1422 170 1475 Maius
187 1437 254 1488 opus
272 1436 373 1472 moveo.
411 1419 471 1472 Rex
489 1436 554 1472 arva
572 1420 686 1474 Latinus
704 1426 733 1475 et
751 1422 832 1476 urbes
903 1436 927 1475 ss

81 1499 140 1551 lam
159 1497 247 1549 senior
264 1496 343 1562 longa
360 1495 480 1563 placidas
496 1495 524 1547 in
542 1512 608 1564 pace
626 1496 748 1563 regebat.

81 1575 162 1627 Hunc
180 1573 273 1626 Fauno
291 1575 320 1626 et
337 1572 454 1640 nympha
471 1571 594 1639 genitum
613 1572 751 1625 Laurente
770 1573 873 1628 Marica
899 1601 911 1621 ι

82 1650 251 1718 Accipimus3
269 1648 362 1702 Fauno
382 1648 462 1701 Picus
479 1652 574 1716 pater;
590 1649 668 1714 isque
686 1653 828 1715 parentem

81 1727 125 1791 'l’e‚
145 1727 268 1789 Saturne,
285 1725 385 1788 rofort3
403 1727 435 1777 tu
453 1724 590 1791 sanguinis
608 1724 721 1776 ultimus
738 1729 840 1782 auctor.

81 1803 164 1856 Filius
181 1801 243 1854 huic
260 1801 316 1853 fato
335 1800 424 1853 divom
442 1801 587 1868 prolesque
605 1800 690 1852 virilis
902 1815 929 1854 to

81 1878 162 1930 Nulla
179 1877 239 1943 fuit,
257 1877 399 1944 primaque
418 1877 507 1930 oriens
526 1881 620 1944 erepta
638 1876 748 1931 iuventa
766 1881 815 1932 est

81 1954 143 2007 Sola
160 1954 271 2006 domum
289 1955 317 2005 et
335 1955 427 2005 tantas
444 1951 572 2006 servabat
590 1952 645 2004 lilia
662 1952 747 2017 sedes,

81 2030 141 2082 Iam
159 2032 267 2080 matura
283 2027 349 2091 viro,
367 2027 421 2079 iam
438 2027 526 2095 plenis
543 2027 644 2080 nubilis
662 2027 745 2080 annis.

81 2105 164 2158 Multi
181 2104 256 2155 illam
272 2118 371 2168 magno
389 2118 404 2155 e
423 2102 501 2156 Latio
519 2106 633 2171 totaque
650 2103 784 2170 petebant

83 2183 218 2243 Ausonia3
235 2178 306 2244 petit
324 2182 387 2231 ante
405 2178 471 2231 alios
488 2177 686 2246 pulcherrimus
704 2180 790 2233 omnis
904 2194 930 2235 te

82 2257 194 2322 Turnus
213 2253 270 2307 avis
288 2254 428 2321 atavisque
446 2257 550 2321 potens,
569 2271 650 2321 quem
668 2255 744 2322 regia
761 2256 877 2310 coniunx

83 2331 204 2398 Adiungi
221 2345 352 2397 generum
370 2330 438 2381 miro
456 2329 621 2398 properabat
638 2347 745 2396 amore;

82 2407 138 2461 Sed
155 2407 236 2459 variis
254 2407 381 2472 portenta
399 2405 481 2458 deum
499 2405 651 2459 terroribus
669 2406 789 2461 obstant.

82 2484 185 2536 Laums
203 2486 263 2536 orat
281 2481 349 2534 tecti
367 2480 457 2534 medio
475 2481 503 2534 in
521 2481 708 2549 penetralibus
726 2483 797 2551 altis,

81 2560 163 2613 Sacra
180 2574 292 2624 comam,
311 2557 464 2624 multosque
482 2560 558 2610 metu
575 2561 682 2611 servata
699 2574 749 2626 per
766 2574 857 2627 annos,
904 2573 931 2612 oo

82 2634 168 2696 Quam
186 2637 266 2703 pater
283 2633 428 2699 inventam,
447 2632 548 2699 primas
566 2649 627 2686 cum
644 2634 776 2688 conderet
793 2652 878 2704 arces,

82 2710 146 2777 Ipse
163 2708 305 2765 serebatur
324 2708 434 2761 Phoebo
452 2724 573 2760 sacrasse
591 2707 712 2776 Latinus,

82 2786 281 2853 Laurentisque
299 2783 334 2836 ab
352 2800 385 2837 ea
401 2800 501 2838 nomen
519 2784 641 2852 posuisse
659 2785 767 2840 colonis.

82 2863 171 2916 Huius
189 2877 254 2929 apes
272 2876 407 2914 summum
425 2860 685 2914 densae-mirabile
702 2860 814 2916 dictu-

81 2938 206 2994 Stridore
223 2936 327 3004 ingenti
344 2935 479 3004 liquidum
497 2940 573 2991 trans
590 2937 702 2991 aethera
719 2941 822 3007 vectae,
905 2952 931 2994 se

81 3013 223 3068 Obsedere
241 3012 352 3080 apicem,
371 3015 408 3080 et,
425 3012 540 3081 pedibus
556 3031 608 3083 per
624 3017 721 3068 mutua
738 3015 825 3082 nexis,

80 3091 203 3145 Examen
220 3088 340 3143 subitum
359 3105 434 3142 ramo
450 3090 597 3145 frondente
613 3089 753 3160 pependit.

75 3167 214 3223 'Continuo
232 3167 318 3232 vates,
336 3166 488 3220 Externum
505 3168 648 3235 cernimus,
666 3166 761 3235 inquit,
