2032 3524
348 114 531 165 AENEIDOS
549 116 618 165 LIB.
636 116 688 164 IX.
893 119 940 169 251

95 195 207 247 Lumina
225 212 288 248 rara
304 196 422 260 micant;
440 213 534 251 somno
552 198 669 267 vinoque
687 198 768 253 soluti

92 271 281 336 Procubuere;
299 273 379 325 silent
397 273 452 326 late
471 274 537 327 loca.
574 275 689 344 Percipe
707 291 795 343 porra,
906 288 943 327 rac

91 347 162 410 Quid
181 347 313 416 dubitem,
332 353 361 402 et
379 366 449 416 quae
467 367 538 403 nunc
556 351 646 403 animo
664 351 800 405 sententia
818 353 922 418 surgat.

90 423 203 476 Aenean
222 425 303 478 acciri
321 442 421 492 omnes,
440 427 611 494 populusque
629 431 784 494 patresque,

90 499 254 567 Exposcunt,
273 502 401 568 mittique
422 503 501 567 viros,
520 502 566 570 qui
585 507 661 556 certa
678 506 829 571 reportent.

89 575 125 640 si,
143 576 194 628 tibi
212 593 283 645 quae
300 594 389 646 posco,
408 578 678 645 promittunt—nam
697 579 763 631 mihi
782 576 846 631 iacti

89 650 174 705 Fama
191 656 234 707 sat
252 653 443 720 est-tumulo
461 653 557 707 videor
575 656 697 722 reperire
715 654 766 707 sub
785 655 832 707 illo
904 669 939 708 res

89 727 173 782 Posse
190 730 262 783 viam
280 730 316 783 ad
334 747 426 784 muros
444 733 473 784 et
491 730 598 784 moenia
617 731 765 785 Pallantea.

89 803 231 874 Obstipuit
248 823 346 875 magno
363 807 475 860 laudum
493 823 638 876 percussus
656 824 748 860 amore

88 880 235 949 Euryalum
254 883 333 936 simul
351 883 394 935 his
412 883 556 935 ardentem
574 879 685 935 adfatur
702 884 832 936 amicum:

88 956 169 1010 Mene
187 959 271 1025 igitur
289 960 391 1012 socium
411 959 523 1011 summis
541 957 690 1024 adiungere
708 958 796 1021 rebus,

87 1032 161 1100 Nise,
179 1033 267 1100 iugis?
286 1034 372 1086 solum
391 1038 419 1086 tc
437 1033 466 1084 in
484 1036 562 1085 tanta
579 1033 700 1100 pericula
718 1032 842 1086 mittam?
901 1046 939 1084 eoo

87 1108 148 1160 Non
167 1109 206 1161 ita
222 1126 266 1161 me
284 1109 399 1176 genitor,
418 1108 497 1161 bellis
516 1108 647 1160 adsuetus
666 1107 805 1174 Opheltes,

87 1183 247 1249 Argolicum
265 1188 399 1237 terrorem
417 1184 491 1236 inter
509 1183 660 1250 Troiaeque
678 1183 784 1235 labores

87 1258 231 1311 Sublatam
250 1260 367 1324 erudiit;
384 1276 436 1313 nec
453 1264 545 1312 tecum
563 1259 629 1312 talia
646 1259 727 1327 gessi,

87 1335 292 1401 Magnanimum
312 1337 424 1389 Aenean
444 1340 473 1389 et
490 1337 548 1389 fata
567 1339 690 1389 extrema
709 1338 832 1389 secutus:

87 1412 137 1463 Est
155 1410 205 1477 hic,
224 1416 267 1465 est
285 1413 390 1465 animus
408 1412 476 1465 lucis
494 1415 672 1480 contemptor,
692 1416 721 1465 et
739 1411 823 1465 istum
900 1426 937 1465 aot

86 1488 138 1551 Qui
157 1487 214 1540 vita
231 1487 301 1541 bene
319 1489 415 1542 credat
433 1489 494 1554 cmi,
514 1505 569 1556 quo
587 1488 685 1555 tendis,
704 1488 843 1542 honorem.

86 1563 169 1615 Nisus
186 1564 222 1617 ad
239 1564 321 1628 haec:
339 1565 475 1634 Equidem
494 1565 529 1618 de
546 1568 576 1618 te
593 1565 631 1617 nil
649 1565 704 1619 tale
722 1564 843 1629 verebar,

85 1639 109 1690 N
113 1656 143 1692 ec
161 1640 216 1706 fas;
234 1658 299 1694 non:
317 1641 357 1695 ita
374 1659 418 1696 me
436 1643 539 1696 referat
557 1641 608 1695 tibi
627 1658 742 1709 magnus
761 1644 888 1694 ovantem

85 1715 218 1784 luppiter,
237 1722 285 1771 aut
303 1718 467 1787 quicumque
485 1718 568 1772 oeulis
586 1718 653 1772 haec
671 1717 768 1786 aspicit
786 1717 888 1785 aequis.

83 1791 139 1844 Sed
158 1793 180 1844 si
198 1794 362 1862 quis-quae
380 1796 467 1847 multa
485 1795 562 1847 vides
580 1794 737 1848 discrimine
756 1793 838 1845 tali—
898 1808 935 1848 210

84 1866 112 1918 si
131 1868 192 1934 quis
211 1869 238 1920 in
257 1869 402 1922 adversum
420 1870 510 1938 rapiat
528 1886 640 1922 casusve
659 1870 766 1929 deusve,

84 1941 121 1993 Te
140 1959 282 2011 superesse
300 1945 397 2009 velim3
415 1949 464 1997 tua
481 1946 539 1997 vita
557 1945 665 2011 dignior
683 1948 766 1996 actas.

83 2016 133 2083 Sit,
152 2018 197 2084 qui
216 2036 261 2071 mc
278 2023 388 2086 raptum
406 2036 497 2087 pugna
515 2019 638 2086 pretiove
655 2018 830 2085 redemptum

83 2093 198 2146 Mandet
216 2094 305 2159 humo,
324 2095 404 2148 solita
421 2099 469 2147 aut
487 2095 510 2146 si
529 2110 584 2161 qua
601 2086 637 2145 id'
648 2094 758 2146 fortuna
776 2092 891 2158 vetabit,

84 2168 201 2221 Absenti
219 2170 291 2222 ferat
308 2170 427 2235 inferias,
446 2170 612 2236 decoretque
631 2168 781 2236 sepulchro.
867 2171 869 2174 ⁴
897 2183 934 2223 215

83 2245 145 2297 Neu
162 2247 247 2302 matri,
263 2246 379 2299 miserae
398 2248 470 2299 tanti
491 2246 542 2298 sim
560 2262 655 2297 caussa
673 2243 782 2311 doloris,

83 2322 158 2382 Quae
176 2324 205 2374 te
224 2322 287 2388 sola,
307 2339 383 2390 puer,
401 2321 495 2375 multis
513 2338 528 2374 e
546 2320 680 2372 matribus
698 2336 765 2372 ausa

84 2396 267 2465 Persequitur,
286 2399 376 2465 magni
395 2415 445 2451 nec
464 2397 570 2449 moenia
588 2400 666 2448 curat
686 2397 811 2449 Acestae.

83 2473 133 2525 Ille
151 2477 257 2527 autem:
277 2474 393 2527 Oaussas
411 2473 579 2542 nequiquam
597 2472 684 2524 nectis
701 2470 795 2539 inanis,

82 2548 139 2600 Nec
157 2564 217 2600 mea
235 2549 289 2601 iam
308 2551 415 2602 mutata
433 2549 491 2601 loco
510 2547 646 2601 sententia
664 2547 747 2599 cedit.
895 2564 932 2603 rao

81 2623 285 2690 Adceleremus,
304 2624 350 2677 ait.
386 2624 492 2692 Vigiles
510 2624 590 2677 simul
609 2623 720 2678 excitat.
757 2622 803 2677 Illi

80 2699 236 2753 Succedunt
252 2704 417 2768 servantque
434 2700 521 2765 viees3
539 2700 657 2754 statione
674 2698 770 2752 relicta

81 2775 144 2842 Ipse
162 2791 253 2829 comes
271 2776 338 2828 Niso
356 2775 489 2843 graditur,
507 2793 656 2845 regemque
674 2775 828 2843 requirunt.

115 2850 214 2903 Cetera
230 2868 281 2919 per
297 2855 387 2906 terras
405 2853 491 2906 omnis
509 2853 635 2906 animalia
652 2866 747 2905 somno

80 2925 222 2979 Laxabant
240 2944 319 2980 curas
338 2931 367 2982 et
385 2928 468 2982 corda
485 2929 571 2982 oblita
589 2929 726 2981 laborum:
894 2939 931 2981 aaa

79 3002 214 3055 Ductores
232 3002 364 3056 Teucrum
382 3005 471 3073 primi,
489 3005 597 3059 delecta
614 3005 750 3070 iuventus,

79 3078 226 3131 Consilium
244 3080 358 3133 summis
375 3081 453 3148 regni
472 3081 607 3136 derebus
625 3079 771 3145 habebant,

78 3153 295 3269 Quid2gacerent,
313 3157 409 3226 quisve
427 3160 539 3213 Aeneae
556 3158 610 3212 iam
628 3158 741 3213 nuntius
758 3159 837 3212 esset.
