2032 3524
348 114 351 120 ’
380 118 566 168 AENEIDOS
582 121 651 170 LIB.
670 122 704 170 X.
899 127 946 174 281

94 201 285 269 Canitiemque
303 202 354 256 sibi
373 207 403 258 et
420 203 516 270 longos
534 203 698 271 promiserat
716 221 858 272 annos3-

94 277 241 345 Tarquitus
259 281 399 333 exsultans
417 284 511 332 contra
528 279 697 346 fulgentibus
715 283 805 347 armis,
911 296 947 336 555

94 354 235 406 Silricolac
255 355 346 408 Fauno
366 358 474 425 Dryope
493 371 575 423 quem
593 355 712 422 nympha
729 362 843 425 crearat,

93 429 199 482 Obvius
217 430 326 483 ardenti
347 449 406 486 sese
424 432 534 485 obtulit.
574 431 623 483 llle
643 431 756 485 reducta

94 506 218 559 Loricam
237 507 372 576 clipeique
390 509 485 576 ingens
504 523 571 559 onus
589 507 697 575 inpedit
715 508 808 573 basta;

94 582 162 635 Tum
180 586 263 650 caput
281 585 383 637 orantis
401 583 567 652 nequiquam
586 589 615 636 et
632 585 720 637 multa
736 586 861 652 parantis

94 657 192 712 Dicere
209 659 341 712 deturbat
358 664 457 725 terrae,
477 663 660 727 truncumque
678 664 820 728 tepentem
913 679 947 718 tu

96 734 258 788 Prorolrens
276 752 358 805 super
376 737 443 790 haec
460 736 569 789 inimico
588 740 699 804 pectore
716 738 808 792 fatur:

95 809 162 862 Istic
179 827 257 877 nunc,
276 812 431 879 metuende,
449 813 514 865 iace.
550 812 613 864 Non
630 816 660 865 te
675 817 791 881 optuma
807 818 898 867 niater

95 884 202 939 miden
219 886 309 953 burno,
327 889 471 956 patrioque
489 887 616 940 onerabit
634 889 757 941 membra
773 889 934 957 sepulchro:

97 961 219 1015 Alitibus
236 962 361 1031 linquere
379 963 451 1028 feris,
471 967 520 1015 aut
537 964 645 1029 gurgite
664 980 783 1017 mersum

95 1037 176 1091 Unda
194 1038 271 1104 feret,
288 1039 547 1108 piscesqueinpasti
564 1039 673 1092 volnera
690 1040 818 1094 lambent.
912 1057 948 1094 sao

96 1113 223 1168 Protinus
243 1117 381 1168 Antaeum
398 1120 430 1170 et
449 1116 558 1182 Lucam,
577 1115 666 1183 prima
681 1117 794 1182 agmina
812 1114 905 1181 Turni,

96 1190 282 1260 Persequitur,
295 1192 450 1259 fortemque
463 1192 589 1256 Numam,
603 1191 762 1259 fulvumque
775 1192 939 1260 Camertem,

95 1265 268 1334 Magnanimo
287 1267 434 1321 Volscente
453 1271 549 1333 satum,
569 1268 719 1320 ditissimus
738 1269 795 1335 agri

95 1342 147 1406 Qui
165 1342 217 1397 snit
236 1344 414 1408 Ausonidum,
432 1348 462 1397 et
479 1343 572 1396 tacitis
590 1344 717 1410 regnavit
736 1344 864 1413 Amyclis.

95 1421 226 1484 Aegaeon
245 1419 340 1487 qualis,
359 1424 468 1472 contum
488 1420 530 1471 cui
550 1419 676 1472 bracchia
694 1419 790 1473 dicunt
847 1427 848 1430 ’
909 1433 947 1472 sos

93 1493 285 1562 Centenasque
303 1511 406 1561 manus,
424 1495 624 1562 quinquaginta
643 1495 736 1548 oribus
754 1496 845 1563 ignem

95 1567 309 1637 Pectoribusque
327 1570 433 1636 arsisse,
454 1571 526 1622 lovis
545 1587 606 1622 cum
624 1571 739 1624 fulmina
756 1575 853 1625 eontra

92 1645 146 1699 'lot
163 1647 274 1714 paribus
292 1650 430 1714 streperet
447 1647 548 1714 clipeis,
568 1650 610 1699 tot
627 1647 779 1714 stringeret
795 1663 890 1701 enses:

92 1721 138 1775 Sic
156 1724 214 1774 toto
235 1725 343 1775 Aeneas
362 1723 485 1775 desaevit
503 1723 531 1774 in
551 1739 670 1790 aequore
689 1724 783 1791 victor,

94 1796 135 1850 Ut
153 1798 236 1850 semel
254 1799 373 1866 intepuit
392 1815 494 1852 mucro.
533 1799 604 1862 Quin
624 1816 687 1852 ecce
705 1799 823 1867 Niphaei
909 1812 947 1851 aro

93 1872 270 1940 Quadriiugis
288 1873 316 1924 in
334 1890 419 1941 equos
438 1875 609 1942 adversaque
627 1879 740 1942 pectora
757 1874 857 1929 tenda

88 1949 189 2016 'Atque
206 1949 253 2015 illi,
273 1948 354 2016 longe
368 1949 546 2016 gradientem
565 1953 594 2002 et
611 1950 672 2002 dira
690 1951 854 2008 frementem

93 2023 135 2077 Ut
152 2024 254 2090 vidore,
273 2029 348 2077 metu
366 2026 438 2078 uersi
458 2029 589 2092 retroque
607 2031 719 2079 ruentes

94 2098 300 2168 Effunduntque
319 2100 425 2167 ducem,
444 2103 609 2168 rapiuntque
628 2101 664 2153 ud
680 2101 762 2154 litora
779 2117 885 2154 currus.

68 2177 70 2180 ’
95 2175 205 2228 interea
222 2175 324 2242 biiugis
341 2176 425 2229 insert
445 2194 474 2230 se
493 2177 617 2243 Lucagus
632 2176 705 2229 albis
909 2190 946 2230 555

95 2251 127 2303 ln
146 2251 257 2317 medios,
276 2252 416 2319 fraterque
436 2253 533 2319 Liger3
557 2253 607 2305 sed
626 2254 712 2305 frater
730 2251 845 2306 habenis

94 2327 195 2380 Flectit
211 2344 305 2395 equos,
325 2329 451 2382 strictum
470 2333 543 2381 rotat
560 2346 625 2381 acer
645 2329 769 2394 Lucagus
787 2339 890 2380 ensem.

95 2403 177 2455 Haud
195 2404 261 2456 tulit
280 2405 389 2456 Aeneas
408 2408 486 2457 tanto
505 2404 611 2456 fervore
628 2404 758 2457 furentis:

94 2479 190 2546 lnruit,
209 2479 377 2547 adversaque
396 2479 491 2546 ingens
509 2480 637 2545 adparuit
654 2480 739 2533 hasta.

89 2554 144 2607 uui
158 2555 252 2623 Liger:
727 2607 730 2610 ,
910 2566 946 2605 sss

93 2629 155 2683 Non
174 2631 315 2683 Diomedis
333 2647 426 2697 equos,
444 2646 495 2684 nec
512 2647 623 2683 currum
641 2632 731 2684 cernis
750 2628 857 2694 Achilli,

93 2707 152 2759 Aut
171 2706 306 2774 Phrygiae
324 2722 447 2773 campos:
465 2723 536 2758 nunc
554 2705 619 2759 belli
638 2707 700 2759 finis
718 2710 747 2760 et
765 2705 825 2759 aeri

93 2781 146 2834 His
164 2782 276 2834 dabitur
293 2781 382 2834 terris.
422 2781 528 2834 Vesano
548 2781 614 2834 talia
632 2782 688 2834 late

92 2857 173 2911 Dicta
190 2858 283 2911 rolant
302 2858 399 2924 Ligeri.
436 2858 492 2911 Sed
510 2875 564 2910 non
582 2862 612 2911 et
631 2857 727 2910 Troius
744 2856 825 2909 horos

91 2933 174 2986 Dicta
185 2937 265 3002 parat
274 2937 388 2997 contra;
406 2935 521 2986 iaculum
536 2951 598 2987 nam
610 2935 725 2999 torquet
736 2933 764 2985 in
777 2931 892 2983 hostem.
908 2943 945 2980 sss

91 3007 218 3076 Lucagus
235 3012 267 3060 ut
285 3025 387 3076 pronus
405 3010 527 3077 pendens
546 3011 574 3062 in
589 3008 707 3062 uerbera
726 3007 781 3060 telo

91 3084 246 3138 Admonuit
263 3085 377 3153 biiugos,
396 3086 518 3154 proiecto
537 3086 602 3138 dum
616 3083 687 3152 pede
705 3083 782 3135 laevo

93 3161 183 3230 Aptat
200 3177 230 3214 se
244 3176 361 3230 pugnae,
380 3161 455 3216 subit
467 3177 534 3237 oras
551 3161 631 3215 hasta
648 3174 698 3228 per
715 3158 784 3212 imus
