2032 3524
76 118 122 163 208
306 112 336 162 P.
355 111 508 161 VERGILI
525 110 689 159 nanuum

78 196 236 249 Ailventare
255 195 349 259 virium,
367 197 397 247 ot
415 193 503 262 partis
520 194 615 262 petere
632 208 730 260 agmen
748 194 862 249 medem

78 271 205 324 l'artilms
222 289 256 324 ex
275 270 368 327 isdem.
386 274 415 323 et
433 286 539 323 sumnia
556 268 721 323 dominarier
737 286 808 325 area
903 286 930 327 rt

77 347 231 415 l‘raeteroa,
248 347 329 401 castis
347 347 440 401 adolet
457 346 522 399 ‹lum
540 346 638 400 altaria
655 345 752 411 taedis

78 424 115 476 l't
134 423 211 477 iuxta
227 425 379 491 genitorem
397 423 490 476 adstat
508 422 621 475 Lavinia
637 422 722 489 virgo,

78 499 150 565 l'isa,
169 500 251 565 iretis,
271 500 357 567 longis
375 499 560 567 conprendere
577 498 697 552 crinibus
714 498 815 567 ignem,

77 578 172 643 Atque
190 593 296 629 onmem
316 579 441 629 omatmn
460 575 569 628 tiammo
586 574 739 642 crepitante
756 576 883 644 cremari,

78 652 242 720 llegalisque
260 669 371 705 :recensa
388 668 485 716 conlas,
503 667 617 704 accensa
634 666 769 717 eoronam,
891 666 932 707 ηε

77 728 216 794 Insignem
234 728 362 795 gemmis3
381 732 439 779 tum
458 726 563 779 firnrida
579 727 680 779 lumine
697 726 773 780 auro

77 803 190 869 involvi,
208 820 239 856 ac
257 804 323 857 totis
342 803 492 856 l'olemum
510 819 640 871 spargere
657 803 746 857 tectis

78 881 112 933 lu
131 897 195 933 vero
212 880 378 933 horromlum
396 896 427 933 ac
446 880 505 932 visu
523 878 646 932 nrimbile
663 879 745 933 ferri:

77 958 202 1025 Namque
220 957 277 1010 fore
294 957 436 1009 inlustrem
454 956 526 1008 tinia
544 956 663 1023 fretisque
680 955 819 1012 eanebmt

80 1034 177 1101 lpsmn,
196 1033 245 1086 scil
263 1033 360 1102 populo
378 1048 505 1099 riingnum
524 1030 688 1099 portendere
706 1031 818 1101 bellurn,
907 1048 934 1089 eo

79 1112 119 1162 nt
138 1127 185 1162 rex
205 1109 335 1162 sollicitus
353 1107 488 1173 monstris,
507 1107 615 1160 oracula
634 1106 728 1175 Fauni,

79 1185 195 1238 Fatidici
212 1185 351 1253 genitoris,
369 1184 435 1249 adit,
453 1183 582 1251 lucosque
600 1183 725 1237 subalta

78 1261 201 1314 Consulit
220 1260 352 1321 Albunea,
370 1276 510 1312 neruorum
530 1276 600 1326 quae
617 1275 746 1313 maxuma
764 1276 844 1317 sacre

79 1337 166 1389 Fonte
184 1341 269 1402 armat,
288 1353 449 1403 satorumque
467 1335 578 1389 exhalat
595 1351 679 1403 opaea
696 1336 850 1405 mephitim

80 1412 151 1464 lliue
171 1412 258 1464 Italae
276 1416 372 1478 gentos
389 1411 531 1478 onmisque
550 1410 681 1465 Oenotria
698 1411 782 1467 tellus
908 1430 935 1471 ος

80 1488 112 1540 111
130 1487 220 1539 dubiis
238 1504 366 1555 responsa
383 1492 495 1555 petm1t;
513 1488 566 1542 huc
584 1488 656 1541 dona
672 1489 803 1543 sacerdos

79 1566 147 1616 (lum
165 1563 230 1616 tulit
248 1568 277 1616 et
294 1579 432 1616 caesarum
451 1564 542 1617 otium
560 1563 708 1618 subnecte
725 1565 821 1621 silenti

80 1639 199 1690 l'ellilms
217 1639 340 1692 incubuit
358 1641 452 1693 stratis
471 1656 633 1708 somnosque
649 1640 756 1709 petivit,

78 1714 167 1768 linito
185 1715 272 1766 modis
292 1715 437 1768 sirimlacra'
452 1717 528 1768 videt
546 1716 689 1769 volitantia
705 1716 791 1785 miris,

79 1791 114 1844 Et
133 1791 220 1843 vanas
239 1791 316 1844 audit
334 1808 419 1858 voces,
439 1792 594 1860 fruiturque
611 1792 726 1845 (leomm
911 1812 937 1854 ω

79 1867 234 1935 Conloquio,
254 1871 336 1934 atquo
354 1868 414 1920 iniis
434 1869 592 1921 Acheronta
610 1868 720 1921 adfatur
740 1870 873 1929 Auernis.

81 1943 133 1995 llic
150 1949 179 1996 et
197 1949 256 1997 tum
274 1947 353 2011 pater
370 1944 428 2011 ipso
446 1948 543 2012 petens
561 1960 690 2012 responsa
707 1944 828 2001 Latinus

79 2020 195 2072 Centum
213 2020 347 2087 lanigeras
366 2020 503 2073 mactabat
520 2020 574 2074 rite
591 2020 719 2088 bidentis,

80 2098 174 2163 Atque
192 2097 288 2149 harum
306 2097 416 2149 effiiltus
433 2101 511 2163 tergo
530 2097 679 2164 stratisque
694 2096 807 2153 iaeebat

80 2172 247 2227 Velleribus:
266 2173 356 2226 subita
374 2190 408 2225 cx
427 2173 482 2225 alto
499 2188 552 2225 vox
570 2171 682 2225 reddita
698 2171 760 2225 luco
779 2178 840 2231 est:
916 2190 939 2233 es

81 2248 123 2303 Ne
140 2252 204 2316 pete
223 2249 362 2302 connubiis
379 2252 470 2301 natam
489 2249 591 2302 sociare
609 2248 720 2313 Latinis,

80 2324 103 2375 0
122 2342 183 2377 mea
200 2326 351 2392 progenies,
369 2324 495 2377 thalamis
513 2341 566 2376 neu
583 2323 665 2377 crede
681 2324 804 2392 param

80 2400 194 2452 hlxterni
213 2401 324 2453 veniunt
342 2401 443 2467 generi,
461 2400 508 2468 qui
527 2400 656 2467 sanguine
673 2404 802 2457 nostrum

81 2476 186 2527 Nomou
205 2476 232 2526 iu
250 2478 324 2528 astra
341 2476 438 2543 ferant,
458 2492 627 2544 quorumque
645 2474 680 2528 ab
697 2475 788 2544 stirpe
805 2486 928 2551 nepotes

80 2551 179 2603 lininio
197 2550 247 2602 sub
265 2550 389 2617 pedibus,
408 2568 462 2618 qua
480 2552 524 2604 Sol
542 2556 689 2619 utriunque
707 2566 861 2611 recurrens
903 2572 940 2615 reo

81 2627 188 2693 Aspicit
206 2626 351 2692 Oceanum,
370 2628 494 2694 vertique
512 2628 625 2695 regique
642 2626 784 2683 videbunt.

81 2703 158 2755 llaec
176 2718 305 2768 respousa
322 2704 408 2770 patris
428 2704 514 2755 Fauni
531 2704 704 2771 monitusque
722 2702 820 2760 silenti

81 2778 168 2830 Nocte
186 2778 265 2830 datos
282 2786 335 2830 uon
354 2779 412 2846 ipse
430 2796 479 2831 suo
496 2780 596 2846 promit
613 2794 661 2831 oro
679 2777 805 2849 Latinus,

81 2854 135 2908 Sed
153 2855 253 2908 circmn
271 2854 326 2907 late
344 2856 460 2908 volitans
477 2855 530 2907 iam
549 2855 634 2908 Fama
650 2870 701 2921 per
717 2854 807 2909 urbes

82 2932 217 2984 Ausonias
234 2930 342 2998 tulerat,
360 2948 420 2984 cum
441 2930 636 2983 Laomedontia
652 2928 741 2997 pubes
905 2950 943 2993 ιι

81 3006 226 3060 Gmmiuco
244 3007 319 3075 ripae
337 3006 461 3072 religavit
479 3005 513 3057 ab
531 3022 631 3072 aggero
649 3005 772 3061 classem

117 3084 224 3135 Aeneas
242 3083 376 3149 primique
395 3080 477 3132 duces
496 3084 524 3132 et
542 3081 654 3148 pulcher
674 3080 753 3135 11111111Ι

82 3159 201 3225 Corpora
219 3158 270 3210 sub
288 3157 369 3209 ramis
387 3156 528 3223 deponunt
546 3156 651 3208 arboris
668 3156 749 3224 altae,
