2032 3524
88 118 101 157 4
316 114 344 161 P.
367 112 516 160 VERGILI
537 113 668 160 MARON
675 115 705 160 ie'

86 190 110 242 Ο
129 192 246 245 formoso
263 209 339 261 puer,
359 195 471 246 nimium
494 208 529 245 ne
547 193 629 257 crede
647 193 746 248 colori!

87 267 160 321 Alba
178 269 293 342 ligustra
310 270 419 337 cadunt,
437 269 556 341 vaccinia
574 270 653 338 nigra
669 269 805 338 leguntur,

86 343 239 412 Despectus
256 345 308 399 tibi
326 363 393 410 sum,
412 363 469 412 nec,
489 345 536 414 qui
554 345 612 409 sim,
631 346 747 414 quaeris,
768 346 860 410 Alexi,

86 421 173 484 Quam
192 421 268 474 dives
286 423 398 489 pecoris,
417 422 488 475 nivei
507 438 589 489 quarn
607 421 686 474 lactis
704 421 865 490 abundans,
918 439 943 477 ao

86 496 168 565 Mille,
180 514 257 550 meno
277 498 374 551 Siculis
392 503 486 552 errant
504 498 532 550 in
550 497 690 551 montibus
708 515 814 566 agnae3

61 586 67 591 ·
87 573 139 626 Lac
157 573 224 626 mihi
242 590 294 626 non
313 578 420 628 aestate
438 590 545 639 novum,
564 590 617 626 non
636 575 737 641 frigore
756 575 831 628 defit.

85 649 177 715 Canto,
197 666 267 717 quac
286 649 389 717 solitus,
408 651 430 703 si
449 649 558 717 quando
576 654 701 703 armenta
719 649 842 716 vocabat,

86 725 222 793 Amphion
243 725 374 780 Dircaeus
392 727 418 779 in
440 727 543 779 Actaeo
564 726 727 792 Aracyntho.

85 800 108 850 N
111 818 141 853 ec
160 818 219 854 sum
238 802 307 854 adeo
325 802 464 856 informis:
483 818 571 869 nuper
589 817 632 854 mo
650 800 678 853 in
697 801 777 854 litore
796 803 861 866 vidi,
918 817 942 858 ro

45 900 54 911 ξ
83 876 151 929 Cum
169 877 306 944 placidum
325 878 414 930 ventis
432 873 519 931 staret
537 893 630 942 mare;
648 893 701 928 non
720 894 770 944 ego
789 877 928 946 Daphnim

84 952 179 1006 Indice
197 956 226 1006 te
243 957 371 1020 metuam,
390 953 412 1006 si
430 969 578 1021 numquam
597 953 668 1006 fallit
686 952 783 1020 imago.

83 1028 105 1079 O
125 1032 233 1082 tantum
250 1028 335 1083 libeat
323 1033 459 1083 tmecum
478 1028 530 1082 tibi
549 1027 745 1082 sordidarum

84 1106 123 1158 At
112 1110 178 1174 tque
196 1105 305 1160 humilis
323 1106 447 1159 habitare
465 1122 548 1174 casas,
567 1109 597 1159 et
615 1105 699 1173 figere
718 1123 819 1174 cervos,

84 1183 298 1251 Haedorumque
315 1198 427 1250 gregem
444 1182 524 1235 viridi
541 1148 706 1250 compellere
725 1182 846 1236 hibisco!
915 1197 940 1237 ao

83 1259 189 1311 Mecum
207 1276 260 1311 una
278 1260 305 1311 in
324 1259 417 1311 silvis
410 1259 471 1312 mit
460 1258 555 1312 tabere
576 1258 651 1311 Pana
670 1245 800 1312 canendo.

83 1333 110 1383 l'·
106 1350 139 1384 an
157 1333 260 1400 primus
278 1334 394 1386 calamos
411 1350 474 1387 cera
492 1334 657 1421 coniungere
676 1334 762 1401 pluris

82 1410 166 1462 Instt
132 1414 152 1461 ιι
155 1409 223 1473 ιιι1ι;
244 1411 300 1462 Pan
318 1413 396 1463 curat
414 1411 471 1463 ovis
490 1410 634 1477 oviumque
653 1410 810 1476 magistros.

81 1485 105 1536 N
108 1503 138 1538 cc
156 1489 185 1538 te
203 1486 343 1552 poeniteat
361 1486 463 1538 calamo
482 1486 591 1539 trivisse
610 1484 755 1539 labellum:

84 1562 158 1614 llaec
176 1561 272 1614 eadem
289 1564 322 1615 ut
340 1562 428 1628 sciret,
447 1561 515 1631 quid
533 1578 587 1615 non
606 1562 725 1615 faciebat
745 1564 897 1631 Amyntas?
914 1577 939 1618 se

82 1639 130 1690 Ilst
148 1637 213 1690 mihi
232 1638 387 1706 disparibus
405 1644 512 1706 septem
532 1641 674 1705 compacta
693 1638 789 1710 cicutis

82 1713 194 1779 Fistula,
213 1713 361 1767 Damoetas
380 1714 451 1767 dono
469 1714 534 1766 mihi
555 1731 637 1782 quam
658 1714 737 1766 dedit
756 1714 828 1781 olim,

82 1790 117 1842 nt
135 1789 206 1843 dixit
223 1790 355 1843 moriens:
376 1790 413 1842 Te
432 1807 505 1842 nnnc
522 1789 607 1842 habet
626 1789 679 1842 ista
699 1790 857 1843 secundum.

82 1866 159 1919 Dixit
178 1865 337 1920 Damoetas:
357 1866 454 1919 invidit
473 1866 574 1918 stultus
594 1867 735 1932 Amyntas.

82 1941 228 1996 Praeterea
245 1943 306 2008 duo,
326 1959 375 1994 nec
393 1945 455 1994 tuta
474 1941 539 1993 mihi
559 1941 627 1993 valle
646 1940 757 2008 reperti,
914 1955 940 1996 to

81 2018 212 2086 Capreoli‚
231 2018 331 2085 sparsis
349 2018 433 2070 etiam
452 2033 523 2070 nunc
541 2015 659 2084 pellibus
678 2016 748 2085 albo,

81 2094 150 2146 Bina
168 2093 213 2146 die
230 2094 333 2146 siccant
351 2093 407 2146 ovis
425 2092 528 2157 ubera3
546 2109 614 2160 cynos
632 2092 684 2145 tibi
703 2109 788 2146 servo.

80 2170 140 2223 Iam
159 2170 265 2239 pridem
284 2187 300 2222 a
317 2186 361 2222 me
380 2168 439 2222 illos
459 2168 595 2222 abducere
615 2168 750 2236 Thestylis
769 2174 847 2234 orat;

80 2247 116 2300 Ilt
133 2246 214 2299 saciet
203 2246 367 2313 tquoniam
387 2245 501 2314 sordent
520 2244 572 2296 tibi
591 2261 706 2296 munera
723 2250 822 2298 nostra

81 2324 142 2375 Huc
161 2322 233 2385 ades,
251 2322 403 2373 oformosc
421 2337 505 2387 puer:
525 2319 577 2372 tibi
595 2319 653 2372 lilia
671 2320 758 2388 plenis
914 2337 938 2375 ιι

80 2399 148 2450 llcce
166 2398 258 2450 ferunt
276 2395 419 2464 Nymphae
438 2396 510 2448 calat
510 2395 570 2461 his;
589 2395 641 2449 tibi
660 2397 777 2450 candida
796 2399 869 2464 Nais,

81 2475 101 2525 l
103 2472 211 2526 silentis
229 2472 360 2524 violast
331 2475 360 2524 et
379 2487 485 2524 summa
503 2489 642 2540 papavera
662 2490 785 2541 carpens,

80 2549 235 2602 Narcissum
253 2550 282 2601 e
270 2547 395 2601 tflorem
413 2547 502 2636 iungit
521 2549 590 2602 bene
611 2549 710 2603 olentis
731 2549 845 2612 anethi,

79 2626 154 2689 ',lum
172 2624 245 2677 casia
262 2626 347 2692 atque
365 2623 487 2677 aliist
445 2630 487 2677 mt
489 2642 572 2678 exens
592 2625 721 2678 suavibus
739 2614 839 2690 herbis,

79 2667 173 2753 Mollia
190 2685 292 2753 luteola
308 2700 398 2768 pingit
416 2701 535 2754 vaccinia
552 2701 649 2754 caltha.
914 2713 938 2752 to

57 2799 61 2805 ·
79 2777 143 2844 Ipse
161 2792 211 2844 ogo
230 2792 298 2828 cana
316 2775 361 2844 leg
344 2793 406 2830 eam
426 2781 523 2830 tenera
535 2777 664 2844 lanugine
682 2777 761 2844 mala,

79 2853 280 2919 Castaneasque
298 2869 388 2920 nucea,
408 2870 470 2906 mea
489 2870 557 2921 quas
578 2851 726 2919 Amaryllis
743 2850 869 2914 amabat;

80 2928 190 2980 Addam
208 2944 286 2980 cerea
304 2945 409 3008 pruna:
426 2929 512 2981 honos
531 2928 584 2981 erit
572 2927 666 2981 thuic
685 2943 794 2996 quoque
812 2941 909 2993 pomo;

78 3004 114 3056 Et
103 3009 187 3070 t,vos
205 3004 307 3057 olauri
309 3021 444 3073 ,carpam
463 3008 492 3057 et
510 3007 546 3069 te,
564 3003 687 3070 proxima
704 3004 800 3068 myrto,

77 3080 122 3132 uic
139 3081 245 3147 positae
264 3080 392 3148 quoniam
411 3080 502 3133 suavis
520 3078 640 3131 miscetis
658 3078 762 3130 odores.
914 3091 938 3130 to

79 3156 208 3209 Rusticus
226 3173 263 3220 es,
284 3155 426 3222 Corydon:
445 3171 495 3208 nec
513 3170 626 3207 munera
643 3156 722 3207 curat
741 3152 845 3220 Alexis,
