2034 3944
363 117 544 165 anuurnos
562 117 632 169 ara.
652 117 704 166 111.
916 101 974 164 125'

142 201 219 267 Imle,
240 200 287 252 ubi
306 199 394 266 prima
412 198 483 251 fides
501 197 606 266 pelago,
625 197 786 266 placataque
805 198 880 251 venti

106 277 179 330 Dant
191 277 276 328 naaria
288 280 317 328 et
329 275 397 328 lenis
410 274 547 343 crepitans
559 277 637 327 vocat
649 278 742 328 auster
754 275 782 328 in
795 274 888 341 altum,
938 287 963 331 7⁰

107 353 252 405 Deducunt
270 351 335 404 socii
354 352 429 403 navis
449 355 477 403 et
495 350 576 402 litora
594 351 729 418 conplent.

106 428 285 480 Provehimur
302 430 392 495 portu,
412 432 557 493 terraeque
575 425 712 494 urbesque
731 426 869 480 recedunt.

106 504 187 556 Sacra
203 504 272 554 mari
291 503 389 555 colitur·
408 501 497 553 rhodio
516 501 672 567 gratissima
690 502 772 555 tellus

106 579 255 631 Nereidum
275 580 355 630 matri
374 581 402 631 et
422 577 550 644 Neptuno
570 578 706 644 Aegaeo„

106 657 192 721 Quam
211 655 272 722 pius
293 655 455 706 Arcitenens
475 670 535 706 oras
555 657 584 706 et
602 653 681 707 litora
699 655 800 708 circum
937 667 962 710 75

108 730 251 784 Errantem
271 730 383 797 Mycono
402 747 417 782 e
438 730 510 782 celsa
528 729 673 797 Gyaroque
691 731 828 792 revinxit,⁴

108 807 297 873 lnmotamque
316 805 366 857 coli
385 805 464 858 dedit
483 809 511 858 et
530 809 704 859 contemnere
723 811 825 860 ventos.

108 883 167 936 Huc
186 883 273 945 feror3
293 881 358 933 haec
376 881 460 933 fessos
480 885 540 933 tuto
559 881 742 949 placidissima
760 888 841 950 portu

106 960 220 1026 Accipit.
259 957 369 1024 Egressi
388 974 549 1010 veneramur
568 958 702 1025 Apollinis
720 958 823 1012 urbem.

106 1035 165 1088 Rex
181 1035 274 1100 Anius,
288 1033 423 1086 residem
437 1033 573 1087 hominum
590 1033 747 1102 Phoebique
759 1035 893 1100 sacerdos,
936 1049 962 1089 so

108 1108 189 1164 Vittis
208 1114 236 1164 et
255 1126 332 1163 saera
350 1109 492 1163 redimitus
510 1113 635 1177 tempera
652 1109 736 1176 lauro,

106 1187 244 1251 Occurrit;
262 1189 383 1238 veterem
406 1185 542 1237 Anchisen
561 1184 704 1253 adgnoscit
721 1186 845 1241 amicum.

106 1263 247 1330 Iungimus
266 1263 384 1330 hospitio
403 1261 522 1324 dextras,
542 1266 571 1314 et
588 1264 663 1314 tecta
681 1262 809 1315 subimus.

140 1339 251 1407 Templa
270 1339 314 1391 dei
334 1355 398 1390 saxo
418 1337 567 1391 venerabar
586 1341 690 1392 structa
708 1342 831 1392 vetusto:

105 1414 148 1468 Da
162 1416 307 1483 propriam,
322 1413 498 1480 Thymbraee,
512 1414 637 1479 domum;
650 1414 685 1468 da
697 1415 804 1468 moenia
814 1414 893 1468 fessis
936 1426 960 1467 so

106 1491 142 1544 nt
159 1507 245 1558 genus
264 1494 292 1543 et
311 1507 465 1543 mansuram
484 1490 595 1554 urbem;
612 1507 690 1544 serva
707 1490 794 1544 altera
813 1489 909 1544 Troiae

106 1567 247 1634 Pergama,
266 1565 394 1634 reliquias
414 1566 538 1618 Danaum
558 1570 641 1634 atque
660 1567 763 1620 inmitis
782 1565 890 1620 Achilli.

106 1643 192 1707 Quem
211 1641 367 1709 sequimurl
386 1658 474 1710 quove
492 1643 533 1694 iro
552 1641 647 1695 iubesl
665 1642 711 1695 ubi
728 1659 829 1711 ponere
847 1641 943 1696 sedesl

106 1719 155 1785 Da,
173 1723 259 1786 pater,
278 1719 428 1786 augurium,
448 1722 532 1785 atque
552 1718 648 1772 animis
667 1719 788 1772 inlabere
806 1718 913 1777 nostris.

139 1795 194 1846 Vix
208 1795 324 1847 calatus
337 1812 425 1847 eram:
443 1799 562 1848 tremere
577 1795 667 1848 omnia
679 1797 736 1849 visa
748 1800 867 1864 repente,
936 1807 961 1847 en

106 1871 264 1938 Liminaque
283 1871 428 1937 laurusque
447 1871 497 1935 dei,
517 1873 647 1939 totusque
665 1873 767 1925 moveri
800 1930 802 1933 ,

106 1947 184 1998 Mons
203 1947 310 2009 circum,
329 1948 358 1998 et
376 1947 481 2013 mugire
500 1946 589 2014 adytis
609 1948 713 2001 cortina
731 1948 849 2002 reclusis,

106 2021 238 2074 Submissi
257 2022 374 2089 petimus
393 2026 502 2087 terram,
522 2026 550 2075 et
568 2039 619 2074 vox
640 2023 727 2076 fertur
744 2025 780 2077 ad
797 2025 883 2079 auris:

106 2097 281 2150 Dardanidae
299 2097 368 2165 duri,
387 2115 457 2164 quae
475 2115 522 2150 vos
540 2115 557 2150 a
575 2099 659 2165 stirpe
678 2103 821 2166 parentum

107 2173 198 2225 Prima
215 2173 280 2226 tulit
299 2173 386 2238 tellus,
407 2175 503 2228 eadem
522 2192 569 2228 vos
587 2174 671 2226 ubero
690 2175 763 2227 laeto
934 2193 961 2232 ee

108 2249 232 2316 Accipiet
250 2249 370 2302 reduces.
408 2252 559 2319 Antiquam
577 2249 712 2316 exquirite
729 2256 851 2305 matrem.

108 2326 160 2377 llic
179 2325 275 2377 domus
296 2327 406 2378 Aeneae
425 2326 528 2379 cunetis
548 2325 731 2379 dominabitur
749 2327 810 2394 oris,

108 2402 143 2452 llt
160 2402 216 2453 nati
235 2405 369 2467 natorum,
389 2408 418 2455 et
437 2404 483 2470 qni
505 2407 650 2456 nascentur
667 2403 702 2455 ab
719 2402 780 2456 illis.

108 2477 183 2529 Haec
203 2476 342 2543 Phoebus3
361 2480 499 2548 mixtoque
518 2481 613 2546 ingens
631 2483 725 2532 exorta
743 2480 863 2534 tumultu

109 2553 231 2615 Laetitia,
243 2556 272 2606 et
284 2554 382 2621 cuncti,
396 2573 465 2623 quae
479 2554 533 2610 sint
546 2574 578 2609 ea
591 2556 703 2623 moenia,
715 2560 856 2623 quaerunt,
926 2571 962 2610 lon

108 2629 166 2692 Quo
186 2628 311 2682 Phoebus
330 2635 409 2684 vocet
428 2633 544 2686 errantis
565 2632 712 2698 iubeatque
731 2633 848 2685 revertit

107 2705 175 2756 Tum
192 2705 307 2772 genitor,
326 2711 449 2761 veterum
470 2709 580 2762 volvens
599 2715 773 2763 monumenta
790 2709 918 2777 virorum,

110 2781 219 2842 Audite,
238 2797 254 2833 o
272 2799 405 2853 proceres,
424 2787 469 2851 ait,
489 2791 518 2839 et
537 2804 598 2855 spes
618 2786 714 2838 discite
732 2789 850 2838 vestras:

108 2855 190 2909 Creta
208 2857 281 2910 levis
299 2862 390 2928 magni
409 2863 499 2915 medio
517 2864 587 2917 iacet
605 2863 693 2915 insula
709 2865 806 2929 ponte;

108 2930 186 2984 Mons
206 2933 307 2987 Idaeus
325 2936 380 3004 ubi,
399 2942 428 2991 et
445 2940 535 3006 gentis
554 2939 687 2992 cunabula
705 2941 821 2990 nostrae.
925 2949 962 2988 105

108 3006 223 3061 Centum
242 3009 324 3064 urbes
342 3012 468 3068 habitant
487 3015 758 3082 magnas,uberri1na
776 3027 874 3078 regna3

108 3082 252 3158 Maxumus
271 3088 344 3142 unde
363 3094 449 3159 pater,
468 3093 490 3145 si
509 3092 563 3145 rite
581 3091 674 3144 audita
692 3088 828 3152 recordor,

108 3159 226 3215 Teucrus
248 3162 385 3220 Rhoeteas
403 3167 519 3236 primum
539 3171 582 3220 est
600 3167 730 3221 advectus
747 3163 782 3216 ad
801 3177 869 3227 oras,
