2032 3524
346 109 529 158 AENEIDOS
547 109 619 160 Luc.
636 109 674 157 11.
895 111 940 159 ll‘l

86 189 161 242 Talia
179 187 321 255 iactabant,
339 190 368 241 et
385 187 485 242 furiata
503 193 595 244 mente
612 188 741 258 ferebam}

86 266 154 319 Cum
174 265 238 317 mibi
257 281 293 329 se,
311 281 364 317 non
382 268 446 319 ante
464 266 548 319 oculis
565 269 623 320 tam
641 267 721 333 clara,
740 265 885 320 videndam

85 342 195 394 Obtulit
213 345 241 395 ct
259 358 328 410 pura
344 358 396 410 per
414 346 520 396 noctem
540 343 568 395 in
586 343 646 396 luce
665 344 772 397 refulsit
905 357 941 397 noo

86 419 168 470 Alina
185 435 290 486 parens,
308 419 431 471 confessa
448 419 535 486 deam,
554 419 696 492 qualisque
715 421 802 474 videri

86 495 226 547 Caelicolis
245 500 274 548 ct
292 498 395 563 quanta
413 495 490 560 solet,
509 495 664 564 dextraque
682 497 846 565 prehensum

84 570 233 637 Continuit,
252 587 384 639 roseoque
403 571 470 623 haec
487 572 598 640 insuper
615 573 724 626 addidit
741 590 801 627 ore:

85 645 110 700 N
113 651 165 711 ato,
183 649 245 714 quis
262 647 408 700 indomitas
427 651 520 700 tantus
539 649 616 702 dolor
635 650 737 703 excitat
755 650 826 704 irasi

84 722 157 786 Quid
175 724 259 777 sinist
277 726 325 776 aut
342 740 460 791 quonam
479 725 564 777 nostri
583 725 634 778 tibi
652 742 717 779 cura
734 726 864 780 recessit?
904 741 940 783 tos

84 798 146 852 Non
164 801 240 867 prius
257 800 377 867 aspicies,
396 799 442 852 ubi
460 800 561 852 fessum
580 806 672 855 aetate
690 805 834 870 parentem

84 875 210 943 Liqueris
230 876 385 930 Anchiseni
404 881 516 944 superet
534 879 686 931 coniunxne
705 879 816 946 Creusa,

84 951 271 1020 Ascaniusque
292 954 375 1020 pueri
394 968 462 1020 quos
480 953 568 1006 omnis
586 954 709 1021 undique
728 955 827 1008 Graiae

84 1027 286 1082 Circumcrrant
304 1030 382 1094 acies,
402 1033 438 1094 et,
456 1029 483 1080 ni
503 1046 564 1082 moa
582 1046 647 1082 cura
665 1030 783 1096 resistat,

84 1103 144 1157 Iam
162 1103 287 1157 flannnac
307 1104 419 1157 tulerint
438 1106 561 1157 inimicus
579 1109 609 1157 ct
626 1105 748 1158 hauserit
766 1106 844 1161 ensis.
901 1118 938 1160 0⁰⁰

83 1178 144 1232 Non
163 1178 213 1232 tibi
232 1179 394 1247 Tyndaridis
412 1180 494 1232 facies
513 1180 598 1232 invisa
616 1180 756 1234 Lacaenae

83 1255 250 1323 Culpatnsve
270 1254 354 1321 Paris,
372 1254 462 1308 divom
482 1255 662 1323 inclementia,
681 1256 780 1324 divom,

84 1332 143 1384 Has
160 1331 261 1385 evertit
278 1348 344 1399 opes
362 1333 515 1400 sternitque
533 1349 550 1384 a
567 1332 683 1386 eulmine
702 1333 814 1388 Troiam.

83 1409 336 1476 Aspice-namque
355 1424 469 1474 omnem,
488 1425 560 1476 quae
577 1425 648 1462 nunc
667 1408 785 1464 obducta
801 1411 892 1465 tuenti

83 1483 208 1539 Mortalis
226 1484 339 1538 hebetat
356 1485 429 1538 visus
448 1484 498 1538 tibi
517 1488 546 1539 ct
564 1485 676 1538 humida
694 1486 794 1540 circum
899 1503 936 1542 eos

82 1561 195 1629 Caligst,
213 1560 313 1615 nubem
331 1561 460 1629 eripiam;
478 1565 510 1615 tu
527 1579 561 1614 ne
579 1578 634 1630 qua
650 1563 771 1630 parentis

82 1639 161 1691 Iussa
178 1639 253 1704 time,
271 1655 325 1691 neu
343 1639 498 1706 praeceptis
515 1655 613 1706 parere
630 1655 757 1692 recusa-

82 1714 143 1781 Hic,
162 1714 208 1768 ubi
227 1714 355 1768 disiectas
374 1714 459 1767 moles
477 1715 623 1783 avolsaque
642 1716 713 1769 saxis

81 1791 152 1844 Saxa
169 1792 246 1844 vides
263 1792 403 1858 mixtoque
421 1792 570 1844 undantem
589 1791 701 1859 pulvere
720 1793 829 1861 fumum,

62 1883 64 1887 ’
80 1867 226 1936 Neptunus
243 1883 335 1921 muros
353 1883 506 1935 rnagnoque
524 1871 615 1920 cniota
632 1867 745 1922 tridenti
898 1885 935 1924 ero

81 1942 271 1995 Fundamenta
289 1943 379 2010 quatit
397 1947 538 2011 totamque
555 1959 572 1995 a
589 1943 699 1997 sedibus
717 1945 813 1998 urbem

80 2018 166 2071 Eruit.
205 2019 258 2072 Hie
279 2019 347 2069 luno
367 2018 465 2070 Scaeas
483 2019 639 2071 saevissima
656 2025 749 2087 portes
823 2041 825 2045 ·
900 2077 903 2086 ,

81 2093 174 2146 Prima
191 2096 275 2157 tenet,
295 2093 451 2159 sociumque
468 2093 562 2144 furens
579 2110 596 2145 a
613 2093 727 2149 navibus
745 2113 842 2164 agmen

81 2169 167 2221 Ferro
184 2167 305 2220 accinctu
322 2171 409 2220 vocat.

81 2245 140 2297 Iam
159 2261 277 2297 sunnnas
294 2259 371 2296 arces
389 2243 518 2309 Tritonia,
536 2243 647 2311 respice,
667 2245 756 2300 Pallas
899 2263 934 2303 ors

82 2321 194 2386 Insedit,
214 2321 306 2374 nimbo
324 2319 456 2387 effulgens
474 2323 502 2373 et
521 2319 646 2386 Gorgone
665 2337 751 2376 saeva.
925 2319 926 2322 ’

80 2398 144 2465 Ipse
164 2399 247 2451 Peter
265 2397 368 2450 Danais
385 2396 489 2449 animos
507 2395 627 2463 virisque
644 2399 776 2454 secundas

79 2473 215 2541 Sufficit,
208 2490 267 2542 ipse
285 2473 376 2538 deos
369 2491 396 2526 m
416 2472 544 2526 Dardana
562 2473 676 2527 suscitat
693 2491 775 2531 arura

79 2549 169 2618 Eripe,
187 2554 259 2616 nate,
276 2549 377 2617 fugam,
396 2547 559 2616 finemque
538 2565 649 2678 inpono
666 2550 759 2605 labori

78 2625 221 2694 Nusquam
239 2591 328 2693 abero,
347 2630 376 2679 ct
393 2629 484 2678 tutum
502 2628 550 2693 pat
551 2625 591 2678 rio
609 2625 747 2680 telimine
765 2627 867 2682 sistam
899 2605 934 2680 tao

79 2701 200 2768 Dixerat,
220 2706 248 2756 t
220 2718 359 2770 spissis
377 2701 464 2755 noctis
482 2717 512 2754 se
529 2701 653 2755 condidit
670 2702 780 2758 umbris.

79 2776 225 2843 Adparent
242 2777 318 2830 dirae
335 2776 443 2831 iacies
435 2777 598 2844 inimicaque
617 2777 713 2832 Troiae

79 2850 199 2903 Numina
216 2867 315 2919 magna
332 2853 420 2907 deum.

113 2926 181 2984 Tum
199 2942 264 2980 vero
282 2943 361 2981 omne
377 2929 445 2981 mihi
463 2927 549 2980 visum
567 2929 708 2983 considere
724 2930 752 2982 in
770 2930 841 2997 ignis

79 3001 161 3056 Ilium
180 3005 209 3056 et
226 3018 260 3056 ex
277 3004 332 3056 imo
349 3005 420 3058 verti
438 3003 577 3072 Neptunia
595 3004 708 3069 Troiap
896 3020 932 3062 m

79 3079 121 3132 Ac
139 3078 223 3132 veluti
242 3079 354 3132 summis
371 3080 513 3148 antiquam
530 3079 558 3132 in
577 3079 714 3133 montibus
731 3097 828 3138 ornum

79 3153 147 3207 (ium
164 3154 237 3208 serre
253 3154 368 3210 accisam
386 3154 545 3224 crebrisque
561 3154 724 3223 bipennibus
740 3156 844 3215 instant
