2032 3524
342 111 526 160 AENEIDOS
547 112 616 160 LIB.
637 112 687 160 IV.

89 192 133 246 Sic
151 192 233 246 efflata
251 192 340 245 sinum
358 192 476 245 lacrimis
494 193 608 261 inplevit
627 193 737 250 obortis.

124 270 205 322 Anna
223 269 320 322 refert:
340 268 363 320 O
382 269 442 322 luce
462 269 547 336 magis
570 269 668 323 dilecta
687 273 779 342 sorori,

89 344 187 398 Solane
204 348 338 414 perpetua
355 362 481 399 maerens
501 363 613 413 carpere
632 347 749 416 iuventa,

89 421 146 475 Neo
165 422 252 475 dulcis
270 425 356 489 natos,
376 423 492 476 Veneris
511 439 561 476 nec
580 424 703 491 praemia
720 427 811 482 noris?

91 497 260 551 [demerem
279 502 327 551 aut
346 499 435 551 Manis
455 499 543 551 credis
564 516 661 552 curare
680 502 820 569 sepultos?

88 573 167 628 Esto:
186 591 296 642 aegram
313 575 379 627 nulli
399 575 535 644 quondam
557 575 658 628 flexere
677 579 765 632 mariti

87 650 149 703 Non
167 649 275 719 Libyae,
292 669 346 704 non
365 656 429 705 ante
448 653 533 721 Tyro,
552 652 698 721 despectus
718 655 813 709 Iarbas

88 727 275 796 liuctoresque
293 729 345 794 alii,
365 747 433 798 quos
453 730 549 783 Africa
568 734 642 783 terra
661 731 807 801 triumphis

88 803 169 856 Dives
187 804 251 857 alit:
268 805 402 872 placitone
421 807 504 861 etiam
523 807 656 876 pugnabis
674 810 775 862 amorii

86 879 112 930 N
114 896 144 932 ec
161 882 236 933 venit
254 882 282 933 in
300 887 427 949 mentem,
448 901 562 952 quorum
582 885 736 936 consederis
755 886 842 938 arrisi

87 955 159 1009 Hinc
178 957 311 1010 Gaetulae
329 959 418 1025 urbes,
438 977 524 1027 genus
542 959 724 1027 insuperabile
742 960 821 1025 bello,
918 976 942 1015 so

89 1032 122 1084 ht
140 1033 277 1086 Numidae
295 1034 393 1086 infreni
413 1036 526 1101 cingunt
545 1038 574 1086 et
591 1035 727 1100 inhospita
746 1034 849 1100 Syrtis3

86 1108 159 1161 Hinc
178 1109 289 1161 deserta
308 1110 353 1161 siti
373 1111 453 1176 regie,
473 1109 583 1177 lateque
600 1111 723 1161 furentes
811 1163 833 1182 ἢ

85 1184 206 1237 Barcaei.
244 1184 316 1249 Quid
334 1184 407 1237 bella
426 1186 494 1253 Tyro
514 1186 653 1251 surgentia
672 1184 766 1252 dicam,

86 1259 271 1328 Germanique
289 1260 393 1314 minas?

85 1335 135 1388 Dis
153 1335 281 1403 equidem
300 1337 453 1404 auspicibus
472 1353 533 1389 reor
552 1341 580 1390 et
600 1338 704 1390 Iunone
723 1341 843 1392 secunda
917 1353 942 1394 45

86 1412 167 1466 Hunc
185 1429 294 1466 cursum
315 1413 411 1466 Iliacas
430 1418 512 1466 vento
530 1414 651 1466 tenuisse
671 1415 782 1467 carinas.

85 1491 171 1553 Quam
186 1494 216 1542 tu
229 1490 333 1558 urbem,
346 1507 429 1556 soror,
442 1490 512 1543 hanc
525 1507 626 1557 cernes,
640 1506 710 1556 quac
723 1508 836 1560 surgere
848 1509 933 1561 regna

85 1566 215 1633 Coniugio
233 1565 295 1620 tali!
320 1567 452 1620 Teucrum
471 1566 664 1619 comitantibus
683 1568 764 1619 armis

85 1642 185 1695 Punica
204 1660 233 1695 se
252 1645 361 1711 quantis
380 1643 488 1696 attollet
506 1642 593 1710 gloria
611 1642 705 1696 rebus!

84 1718 124 1771 Tu
142 1720 223 1772 modo
240 1737 322 1788 poseo
340 1720 406 1772 deos
426 1721 539 1787 veniam,
560 1720 697 1787 sacrisque
716 1720 801 1774 litatis
916 1735 941 1775 50

85 1794 200 1862 ludulgc
218 1797 342 1864 hospitio,
361 1813 524 1865 caussasque
544 1797 651 1848 innecte
670 1797 800 1863 morandi,

84 1871 156 1923 Dum
174 1872 269 1939 pelago
288 1873 410 1924 desaevit
428 1873 534 1940 hiemps
553 1876 581 1924 et
601 1889 718 1939 aquosus
739 1871 830 1941 Orion,

84 1947 289 2015 Quassataeque
306 1951 388 2014 rates,
407 1947 472 1999 dum
491 1965 544 1999 non
563 1947 707 1999 tractabile
726 1948 837 2001 caelum.

119 2024 172 2075 His
190 2023 271 2075 dictis
289 2023 428 2074 incensum
447 2022 566 2074 animum
585 2021 763 2074 inflammavit
781 2040 881 2089 amore,

84 2100 222 2166 Spemque
241 2098 320 2150 dedit
339 2097 437 2149 dubiae
456 2097 549 2163 menti,
570 2094 704 2162 solvitque
723 2097 862 2163 pudorem.
916 2113 941 2152 ⁵⁵

86 2175 220 2242 Principio
240 2173 355 2226 delubra
374 2172 482 2237 acleunt,
503 2188 654 2240 pacemque
673 2188 722 2239 per
741 2189 801 2225 aras

84 2252 254 2318 Exquirunt;
273 2253 394 2303 mactant
413 2248 497 2300 lectas
518 2248 646 2301 demere
665 2247 784 2301 bidentis
867 2295 872 2304 .

85 2328 225 2395 Legiferae
245 2327 339 2381 Cereri
359 2326 526 2393 Phoeboque
545 2324 673 2394 patrique
693 2324 788 2393 Lyaeo,

84 2405 181 2457 lunoni
199 2410 263 2459 ante
282 2404 375 2472 omnis,
394 2403 437 2456 cui
457 2402 543 2454 vincla
562 2401 662 2469 iugalia
680 2418 766 2454 curae.

83 2483 155 2550 ipsa,
173 2485 270 2535 tenens
289 2480 387 2534 dextra
404 2482 535 2547 pateram,
556 2477 738 2546 pulcherrima
757 2478 829 2530 Dido
916 2491 942 2532 oo

83 2559 233 2612 Candentis
251 2575 348 2612 vaceae
366 2556 457 2609 media
476 2555 549 2607 inter
568 2570 668 2606 cornua
686 2553 784 2620 fundit,

84 2636 142 2687 hut
160 2639 224 2688 ante
242 2652 290 2688 ora
308 2634 390 2688 deum
409 2633 517 2701 pinguis
537 2630 672 2699 spatiatur
690 2630 726 2682 ad
742 2647 811 2696 aras,

84 2710 277 2780 Instauratque
295 2711 368 2764 diem
387 2710 471 2778 donis,
491 2707 682 2777 pecudumque
701 2707 813 2758 reclusis

85 2787 242 2840 Pectoribus
258 2788 365 2840 inhians
384 2785 515 2855 spirantia
533 2783 647 2837 consulit
666 2785 737 2834 exta.

83 2863 148 2917 Heu
166 2866 259 2915 vatum
276 2863 386 2930 ignarae
404 2864 524 2915 mentes!
545 2860 612 2928 quid
629 2862 692 2910 vota
710 2858 854 2922 furentem,
916 2869 940 2909 ct

84 2940 155 3004 Quid
174 2939 290 2992 delubra
307 2939 417 2992 iuranti
455 2937 505 2990 Est
523 2935 610 2988 mollis
629 2934 737 2985 tlanrnra
755 2932 888 2986 medullas

86 3017 203 3082 luteres,
221 3019 251 3069 et
268 3016 383 3069 tacitum
401 3015 468 3067 vivit
487 3012 536 3067 sub
555 3015 666 3080 pectore
684 3009 787 3062 volnns.

84 3092 182 3146 Uritur
199 3092 295 3146 infelix
314 3092 386 3144 Dido
404 3093 519 3158 totaque
538 3089 655 3155 vagatur

58 3211 61 3216 ,
84 3167 160 3222 Urbe
177 3169 278 3237 furens,
297 3168 383 3237 qualis
401 3166 525 3221 coniecta
542 3179 622 3218 cerva
640 3162 750 3231 sagitta,
