2032 3524
333 117 515 169 AENEIDOS
535 116 603 164 LIB⁴
627 115 679 162 111.
887 111 932 162 131

82 204 210 273 Deriguit
226 203 286 257 risu
303 202 333 255 in
349 199 448 265 medio,
466 197 540 252 calor
558 213 621 250 ossa
638 194 766 264 reliquit;

82 281 205 350 Labitur,
223 283 252 333 et
269 279 349 346 longo
367 277 413 330 vix
431 275 543 329 tandem
561 276 686 341 tempore
703 272 789 325 fatur:

83 357 191 411 Verane
208 359 238 409 te
255 355 345 421 iacies,
363 369 445 406 verus
462 352 528 404 mihi
545 349 657 404 nuntius
676 347 775 409 adfers,
897 358 936 400 ³1⁰

82 433 155 487 Nate
173 432 241 486 deal
262 431 383 484 vivisne?
404 431 459 494 aut,
478 428 501 481 si
518 427 566 480 lux
584 426 656 479 alma
673 425 793 490 recessit,
867 440 868 443 ¹

82 509 188 562 Hector
205 506 252 560 ubi
270 507 328 560 esti
350 505 427 572 dixit,
445 503 625 571 lacrimasque
644 501 741 555 cilndit
759 503 788 553 et
805 513 914 553 omnem

82 583 201 652 Inplevit
219 583 336 636 clamore
353 581 449 634 locum.
485 579 540 632 Vix
558 595 644 646 pauca
661 576 761 656 furent‘

82 659 200 713 Subiicio
219 661 248 712 et
265 658 334 710 raris
353 656 480 710 turbatus
498 654 608 709 vocibus
626 655 712 708 hisco:

82 734 152 788 Vive
165 734 299 802 equidem,
312 733 450 800 vitamque
462 735 587 785 extrema
604 747 654 799 per
670 730 760 783 onmia
777 731 862 790 due03
900 740 936 780 315

81 811 126 864 Nc
145 810 247 878 dubita,
265 826 327 862 nam
346 826 411 862 vera
428 809 512 862 vides.

82 885 159 940 Heu!
182 886 243 955 quis
262 890 291 941 te
309 902 387 939 casus
405 886 540 938 deiectam
559 884 672 951 coniuge
691 885 769 936 tanto

82 962 191 1030 Excipit
198 964 207 1016 l
230 966 278 1015 aut
297 978 366 1029 quac
385 960 468 1027 digna
486 961 552 1012 satis
569 960 678 1013 fortuna
696 957 791 1011 revisit

82 1038 210 1092 Hectoris
230 1036 459 1091 Andromachen?
482 1036 604 1101 Pyrrhin’
624 1034 756 1086 connubia
775 1033 884 1086 servasi

82 1113 188 1167 Deiecit
206 1113 309 1166 voltum
327 1116 357 1165 ct
375 1112 494 1164 demissa
511 1126 577 1163 voce
594 1110 685 1162 locuta
703 1114 756 1162 cst:
900 1122 937 1161 cao

82 1188 106 1243 Ο
126 1189 190 1242 felix
208 1205 263 1240 una
280 1191 345 1240 ante
363 1187 429 1239 alias
448 1185 583 1239 Priameia
600 1185 684 1252 virge,

83 1264 221 1318 Hostilem
239 1263 275 1316 ad
294 1263 428 1316 tumulum
446 1262 543 1315 Troiae
561 1262 612 1316 sub
631 1261 774 1315 moenibus
792 1259 856 1313 altis

84 1341 162 1393 Iussa
179 1339 255 1405 mori,
275 1355 344 1408 quae
363 1339 476 1392 sortitus
495 1356 548 1392 non
565 1338 680 1406 pertulit
698 1337 774 1405 ullos,

82 1417 107 1469 N
111 1433 141 1469 ec
159 1416 270 1468 victoris
287 1416 347 1469 heri
365 1416 458 1483 tetigit
475 1416 582 1484 captiva
600 1415 703 1468 cubile!

82 1492 107 1544 N
110 1509 147 1559 os,
166 1491 256 1561 patria
272 1491 382 1545 incensa
400 1492 508 1545 diversa
526 1509 577 1560 per
594 1508 713 1561 aequora
732 1493 833 1556 vectae,
901 1502 936 1542 ³25

83 1569 183 1636 Stirpis
202 1568 344 1623 Achilleae
361 1569 448 1622 fastus
466 1569 648 1636 iuvenemque
666 1566 821 1635 superbum,

83 1645 200 1698 Servitio
218 1645 319 1709 enixae,
337 1645 464 1710 tulimus3
486 1645 533 1712 qni
551 1644 658 1709 deinde,
677 1646 786 1696 secutus

83 1719 220 1773 Ledaeam
241 1721 409 1775 Hermionen
429 1721 714 1788 Lacedaemoniosque
733 1719 900 1786 hymenaeos,

83 1795 129 1848 Me
144 1796 245 1848 famulo
257 1797 441 1865 famulamque
456 1798 562 1850 Heleno
575 1796 727 1850 transmisit
739 1793 900 1848 habendam.

83 1873 138 1924 Ast
155 1871 240 1937 illum,
259 1877 370 1941 ereptae
388 1890 486 1939 magno
504 1873 688 1925 inflammatus
706 1888 797 1925 amore
901 1882 938 1922 neo

83 1945 212 2014 Coniugis
230 1951 259 2000 et
276 1947 407 2000 scelerum
427 1949 517 2001 Furiis
535 1949 663 2015 agitatus,
681 1947 794 2000 Orestes

84 2021 193 2089 Excipit
210 2023 349 2075 incautum
367 2023 524 2089 patriasque
543 2022 690 2075 obtruncat
707 2023 743 2076 ad
761 2039 828 2075 aras.

84 2093 176 2149 Morte
195 2096 370 2163 Neoptolemi
389 2113 534 2163 regnorum
553 2096 664 2148 reddita
683 2098 764 2149 cessit

85 2171 152 2223 Pars
172 2172 286 2238 Helene,
304 2172 350 2240 qni
369 2172 502 2225 Chaonios
520 2172 679 2239 cognomine
696 2188 805 2239 campos

85 2247 287 2315 Chaoniamque
305 2263 411 2300 omnem
431 2248 581 2312 Troianos
599 2247 709 2301 Chaone
727 2247 806 2314 dixit,
901 2263 937 2302 ecc

86 2324 273 2391 Pergamaque
292 2324 459 2393 lliaeamque
477 2325 547 2392 iugis
565 2324 634 2378 hanc
652 2323 760 2377 addidit
778 2339 875 2377 arcem.
975 2357 976 2360 =

85 2398 139 2452 Sed
158 2399 209 2452 tibi
228 2400 275 2468 qui
293 2417 401 2453 cursum
420 2402 502 2467 venti,
521 2418 592 2469 quae
609 2400 667 2454 fata
685 2401 802 2454 dederel

86 2477 144 2527 Aut
162 2475 284 2542 quisnam
302 2477 429 2544 ignarum
447 2477 548 2530 nestris
566 2476 636 2529 deus
653 2475 760 2544 adpulit
778 2475 850 2530 crisi

85 2549 156 2613 Quid
175 2568 243 2618 puer
262 2553 413 2606 Ascanius'l
435 2556 583 2622 superatne
601 2556 630 2606 et
648 2552 766 2605 vescitur
784 2569 858 2620 aura,

85 2626 173 2690 Quem
191 2626 241 2680 tibi
259 2628 313 2680 iam
332 2629 447 2682 Troia—
901 2641 937 2681 ³4⁰

85 2701 179 2769 licque
196 2707 288 2757 tamen
306 2721 391 2772 puero
409 2709 452 2759 est
470 2706 585 2759 amissae
603 2722 668 2758 eura
686 2705 824 2773 parentisl

85 2776 192 2845 Ecquid
210 2778 237 2830 in
255 2781 395 2848 antiquam
414 2782 544 2835 virtutem
563 2782 720 2848 animosque
738 2780 824 2833 virilis

85 2852 122 2904 Et
139 2855 219 2919 pater
237 2856 346 2908 Aeneas
364 2859 393 2909 et
410 2857 557 2910 avimcnlus
576 2859 678 2911 excitat
697 2857 819 2910 Hectori

85 2926 160 2980 Talia
177 2928 311 2982 fundebat
328 2929 471 2986 lacrimans
488 2933 637 3001 longosque
655 2932 745 2985 ciebat

85 3003 225 3056 Incassum
244 3004 332 3072 fletus
350 3023 411 3059 cum
429 3024 489 3061 sese
506 3025 523 3061 a
539 3009 682 3061 moenibus
699 3007 781 3060 heros
901 3019 938 3060 θῶ

86 3078 236 3134 Priamides
254 3081 347 3134 multis
367 3082 488 3137 Helenus
506 3084 699 3138 comitantibus
717 3082 817 3151 adfert,

87 3154 294 3267 Adgnqqcitquc
312 3172 382 3223 suos,
400 3157 545 3227 laetusque
563 3160 599 3213 ad
616 3160 710 3212 limina
727 3159 811 3222 ducit,
