2032 3524
353 112 429 160 AEN
431 111 537 160 EIDOS
559 111 628 158 LIB.
654 110 703 157 IV.
901 111 946 157 151

97 197 205 251 invidia
222 197 281 250 esti
319 193 356 246 Et
373 209 422 246 nos
440 193 481 244 sas
498 195 594 246 extera
612 206 745 259 quaerere
763 206 857 257 regna.
912 204 948 244 aso

96 275 143 327 Me
161 272 246 340 patris
265 268 408 335 Anchisae,
427 269 552 336 quotiens
571 267 747 320 humentibus
765 266 869 320 umbris

96 350 121 402 N
124 367 159 403 ox
178 347 266 416 operit
283 349 379 411 terras,
401 345 528 413 quotiens
547 349 622 397 astra
640 345 721 411 ignea
739 345 861 411 surgimt‚

96 425 237 477 Admonet
254 423 282 475 in
301 422 401 474 somnis
420 425 449 474 ct
467 421 580 474 turbida
598 424 687 473 torret
705 420 810 486 imago;

96 501 142 554 Me
160 517 228 570 puer
246 498 379 551 Ascanius
396 498 546 565 capitisque
563 497 661 549 iniuria
679 496 741 562 cari,

97 578 183 641 Quem
201 591 285 642 regno
305 573 455 642 Hesperiae
473 574 570 626 fraudo
589 577 617 627 ct
635 572 764 626 fatalibus
782 573 861 627 arvis.
912 588 950 628 see

96 655 121 705 N
123 670 175 706 unc
193 653 274 704 etiam
293 653 428 719 interpres
447 650 545 716 divom,
565 651 630 703 Iove
649 650 747 703 missus
765 650 801 703 ab
818 651 913 718 ipso—

96 731 194 782 ·lestor
211 733 358 796 utrumque
377 727 591 796 capnt-celeris
609 727 741 780 mandata
758 743 808 794 per
825 744 906 780 auras

97 805 217 870 Detulit;
236 806 294 874 ipse
313 805 394 858 deum
413 805 558 858 manifesto
575 804 603 855 in
623 803 724 856 lumino
742 803 799 856 vidi
839 863 841 865 ¹

97 882 250 956 intrantem
268 899 367 947 muros,
386 898 534 950 vocemque
551 880 594 932 his
613 880 723 932 auribus
741 880 826 932 hausi.

97 957 196 1012 Desine
214 975 311 1027 meque
330 959 384 1010 tuis
402 958 549 1010 incendere
567 960 650 1022 teque
668 954 801 1024 querelis;
914 968 950 1008 333
982 999 984 1003 .

97 1035 206 1088 Italiam
224 1052 276 1087 non
295 1038 392 1101 sponte
411 1049 514 1099 sequor.

130 1112 204 1164 Talia
223 1111 359 1163 dicentem
378 1107 538 1160 iamdudum
557 1123 652 1159 aversa
670 1109 770 1172 tuetur,

97 1188 160 1240 Huc
178 1186 242 1238 illuc
261 1184 370 1236 volvens
389 1181 487 1244 oculos,
507 1185 650 1250 totumque
669 1185 795 1249 pererrat

97 1261 255 1314 Luminibus
276 1259 374 1325 tacitis,
395 1261 424 1311 33
442 1257 480 1310 313
497 1274 611 1310 accensa
629 1258 768 1326 profatur:

96 1340 121 1391 N
124 1356 154 1392 ec
167 1338 216 1390 tibi
230 1338 293 1389 diva
304 1352 411 1403 parcns,
423 1335 531 1404 generis
543 1351 592 1387 ncc
605 1334 751 1388 Dardanus
763 1339 864 1404 auctor,
914 1349 951 1388 see
987 1340 988 1343 ’

100 1414 221 1477 Pcrfide;
243 1413 292 1466 sed
310 1413 387 1466 duris
404 1412 500 1479 genuit
519 1415 548 1464 tc
567 1411 693 1464 cautibus
711 1411 825 1465 horrens

97 1493 238 1557 Caucasus,
258 1491 456 1557 Hyrcanaeque
474 1489 622 1543 admorunt
641 1488 726 1542 ubera
744 1489 838 1554 tigres.

96 1566 121 1618 N
123 1583 166 1619 am
180 1568 246 1636 quid
259 1566 415 1620 dissimulet
430 1570 478 1619 aut
490 1582 560 1633 quac
572 1583 616 1619 mc
628 1566 664 1618 ad
676 1565 778 1617 maiora
790 1582 861 1618 roser
867 1566 916 1618 vol

96 1644 167 1697 Num
187 1645 254 1697 fletu
271 1643 404 1710 ingemuit
423 1645 533 1696 nostrol
555 1659 620 1694 num
640 1641 744 1694 lumina
761 1641 854 1695 flexiti

96 1720 121 1771 N
124 1737 169 1772 um
179 1720 302 1773 lacrimas
312 1721 399 1773 victus
410 1719 494 1783 dedit,
506 1723 554 1772 aut
563 1721 709 1772 miseratus
719 1720 856 1772 amantem
868 1717 928 1770 esti

97 1795 171 1858 Quae
184 1796 282 1864 quibus
294 1797 461 1848 anteferaml
480 1796 540 1847 lam
552 1796 605 1847 iam
617 1812 667 1848 nce
679 1810 806 1847 maxuma
820 1794 896 1860 lune,
915 1805 951 1846 371

97 1873 121 1923 N
124 1889 154 1925 cc
173 1872 317 1925 Saturnius
335 1871 401 1924 haec
421 1871 504 1922 oculis
523 1875 602 1939 pater
620 1871 716 1938 aspicit
735 1870 835 1938 aequis.

98 1948 238 2014 iiusqnam
257 1950 318 1998 tuta
335 1947 411 1999 fides.
449 1946 576 1998 Eiectum
594 1947 683 2011 litore,
703 1950 831 2013 egentem

102 2024 198 2088 lixeepi
217 2027 246 2074 ct
263 2022 340 2087 regni
360 2022 472 2074 demens
490 2021 518 2073 in
536 2025 615 2087 parte
634 2021 734 2085 looari;

100 2099 236 2151 Amissum
255 2098 376 2164 classem,
395 2097 515 2149 socioso
532 2101 621 2148 morte
640 2097 742 2148 reduxi.
917 2109 953 2150 375

101 2175 163 2226 lieu
182 2173 259 2225 iuriis
277 2173 386 2225 incensa
403 2173 489 2224 feror!
529 2172 553 2222 N
556 2188 607 2224 unc
626 2187 713 2236 arigur
731 2172 838 2239 Apollo,

101 2253 178 2303 Nunc
197 2250 294 2317 Lyciae
313 2253 407 2315 sortes,
425 2264 497 2300 nunc
516 2251 545 2300 et
565 2248 630 2300 love
649 2247 747 2300 missus
765 2247 799 2301 ab
819 2248 878 2316 ipso

101 2329 242 2395 interpres
260 2326 350 2378 divom
369 2325 424 2378 fert
443 2324 555 2377 horrida
574 2323 647 2376 iussa
664 2340 714 2390 por
732 2340 818 2377 auras.

100 2406 206 2458 Scilicet
223 2405 247 2457 is
267 2403 378 2471 Superis
396 2402 474 2454 labor
492 2406 541 2468 est,
561 2418 593 2454 ea
611 2417 677 2453 cura
695 2400 803 2469 quietos

99 2482 237 2535 Sollicitat.
275 2480 372 2548 Neque
390 2483 419 2532 te
437 2483 525 2547 tenco,
544 2494 632 2546 neque
650 2477 723 2530 dicta
741 2477 850 2542 rcicllo;
918 2489 956 2528 333

101 2560 121 2623 Ι,
140 2575 255 2627 sequere
276 2557 384 2610 ltaliam
404 2557 500 2622 ventis,
511 2558 583 2623 ‘pete
601 2571 685 2622 regna
703 2571 753 2622 per
771 2553 865 2606 undas.

100 2636 183 2703 Spero
202 2634 329 2703 equidem
348 2633 453 2698 modiis,
472 2634 494 2685 si
513 2632 580 2700 quid
598 2633 642 2699 pia
660 2631 770 2684 numina
788 2631 909 2698 possunt,

100 2711 235 2779 Supplicia
253 2711 400 2762 hausurum
419 2709 544 2777 scopulis,
563 2712 592 2761 et
610 2708 717 2761 nomino
736 2706 808 2760 Dido

101 2788 186 2854 Saepe
204 2792 369 2839 vocaturum.
407 2786 511 2853 Sequar
529 2785 597 2838 atris
615 2784 724 2851 ignibus
743 2782 847 2844 absens,

101 2864 144 2929 Et,
163 2880 224 2917 cum
242 2861 341 2928 frigida
358 2878 430 2915 mors
448 2863 538 2914 anima
556 2860 697 2913 seduxerit
715 2862 799 2920 artus,
919 2865 957 2907 333

102 2940 233 2992 Omnibus
251 2937 348 2990 umbra
365 2938 430 2990 locis
447 2937 537 2990 adero.
572 2937 665 3002 Dabis,
683 2933 803 3002 inprobe,
821 2946 929 2999 poenas.

104 3017 229 3082 Audiam,
244 3017 277 3067 et
294 3012 361 3066 haec
379 3013 468 3066 Manis
486 3015 577 3067 veniet
595 3012 662 3064 mihi
679 3012 752 3063 fama
771 3007 822 3060 sub
839 3008 916 3059 imos.

103 3094 153 3146 1113
170 3091 292 3146 medium
311 3089 391 3142 dietis
409 3106 561 3142 sermonem
579 3086 727 3153 abrumpit,
746 3088 775 3138 33
793 3099 874 3136 auras

105 3172 195 3237 Aegra
210 3166 289 3232 fugit.
308 3181 391 3233 seque
408 3183 443 3220 ex
461 3165 545 3218 oculis
563 3162 664 3215 avertit
681 3165 710 3215 ot
728 3160 825 3222 aufert,
