2032 3524
296 119 297 122 ’
329 128 532 178 oaoacrcou
550 131 619 181 nin.
640 134 693 183 [Π.
902 125 931 174 ⁵7

86 209 183 275 Atque
203 205 341 259 bacciam
361 209 449 275 primo
468 208 599 276 depulsus
617 210 651 262 ab
670 210 754 264 ubere
772 211 867 265 matris

84 284 203 350 Audeat,
223 283 304 349 inque
322 284 407 336 vicem
426 285 474 338 det
491 285 619 338 mollibus
637 303 685 338 ora
702 287 827 353 capistris

84 359 224 413 invalidus
243 359 380 427 etiamque
399 365 526 427 tremens,
546 362 629 415 etiam
647 362 747 416 inscius
765 363 829 416 aevi.

81 440 122 490 At
140 434 230 489 tribus
249 436 351 488 exactis
369 435 416 488 ubi
435 441 534 504 quarta
552 439 698 491 accesserit
716 444 813 508 aestas
900 456 935 495 1ao

80 514 202 581 Carpere
220 527 283 562 mox
301 527 397 578 gyrum
416 512 529 581 incipiat
547 514 734 583 gradibusque
753 532 849 569 sonare

80 587 242 657 Conposita,
261 587 406 655 sinuetque
425 589 530 642 alterna
549 591 685 644 volumina
703 609 819 658 crurum,

79 667 178 735 Sitque
196 662 332 716 laboranti
352 664 462 729 similis3
481 669 540 718 tum
559 666 684 720 cursibus
702 685 789 735 auras,

78 744 147 796 'l'um
166 743 251 807 vocet,
270 755 301 790 ac
318 757 368 807 per
387 745 483 807 aperta
500 742 600 809 volans,
619 760 669 796 ceu
687 743 757 796 liber
774 743 895 806 habenis,

81 822 211 887 Aequora
228 816 273 868 vix
293 832 398 868 summa
417 817 532 883 vestigia
549 823 634 885 ponat
653 836 748 885 arcna;
900 835 935 873 ios

79 895 173 960 Qualis
193 891 379 961 Hyperboreis
400 893 501 960 Aquilo
520 910 581 946 cum
600 895 699 948 densus
719 896 753 948 ab
772 897 826 949 oris

80 970 216 1037 Incubuit,
236 967 417 1036 Scythiaeque
434 968 539 1022 hiemes
557 976 641 1038 atquo
659 971 737 1024 arida
755 972 848 1025 differt

79 1048 104 1100 N
106 1047 195 1112 ubila3
212 1047 272 1098 tum
291 1049 399 1111 segetes
417 1045 489 1098 altae
508 1047 651 1115 campique
669 1051 796 1100 natantes

80 1123 199 1178 Lenibus
217 1123 377 1176 horrescunt
396 1121 495 1188 flabris,
514 1138 688 1191 summaeque
707 1140 830 1176 sonorem

79 1201 154 1254 Dant
171 1199 254 1253 silvae
272 1199 401 1266 longique
419 1202 538 1265 urguent
556 1197 691 1251 ad.lit0ra
709 1198 822 1263 fluctus3
898 1214 934 1254 aoo

79 1276 131 1330 Ille
149 1275 230 1343 volat,
250 1274 329 1327 simul
348 1292 413 1327 arva
430 1273 501 1341 fuga,
520 1273 600 1326 simul
619 1291 737 1343 aequora
755 1292 872 1328 verrens.

79 1353 133 1406 Hic
151 1351 194 1406 vel
213 1351 249 1404 ad
269 1350 327 1403 Ilici
346 1355 434 1404 metas
453 1353 481 1403 ct
500 1367 627 1403 maxuma
645 1353 733 1420 campi

79 1427 196 1482 Sudabit
214 1428 309 1496 spatia,
330 1430 358 1479 ct
377 1443 486 1495 spumas
505 1431 568 1493 aget
587 1444 633 1480 ore
652 1433 786 1495 cruentas,

79 1505 191 1572 Belgica
208 1505 251 1558 vel
269 1504 344 1556 molli
363 1504 459 1556 melius
477 1504 547 1556 ieret
566 1503 662 1556 esseda
680 1504 753 1557 collo.

78 1582 146 1634 Tum
166 1580 276 1634 demum
295 1597 386 1633 crassa
403 1595 530 1646 maguum
549 1580 685 1647 terragiuc
703 1598 800 1648 corpus
896 1598 931 1635 aoa

78 1658 208 1711 Crescere
226 1657 280 1708 iarn
299 1656 409 1708 domitis
428 1656 524 1709 sinito:
548 1674 665 1724 namque
684 1662 747 1711 ante
766 1658 931 1711 dennurdum

79 1728 203 1802 lugentis
222 1732 320 1786 tollent
338 1733 448 1798 animos,
467 1734 613 1801 prensique
631 1733 769 1800 negabunt

78 1810 203 1863 Verbera
220 1809 294 1861 lenta
312 1808 371 1876 pati
390 1812 418 1861 et
436 1808 513 1861 duris
531 1826 628 1876 parcre
646 1809 753 1877 lupatis.

112 1884 167 1939 Sed
186 1902 238 1938 non
257 1885 312 1937 ulla
330 1885 416 1951 magis
435 1885 499 1938 viris
519 1885 653 1937 industria
673 1886 772 1953 firmat,

78 1962 165 2026 Quam
184 1960 320 2014 Venerem
340 1964 369 2014 et
387 1962 458 2014 caeci
478 1962 602 2013 stimulos
621 1965 745 2015 avertere
763 1965 869 2029 arnonis,
896 1979 931 2016 210

77 2037 145 2092 Sive.
159 2035 240 2089 bourn
259 2036 315 2089 sive
336 2040 378 2089 est
396 2037 439 2089 cui
457 2037 561 2103 gratier
580 2054 644 2089 usus
664 2054 802 2105 equorum.

79 2115 173 2181 Atque
190 2112 252 2165 ideo
270 2117 363 2166 tauros
381 2113 474 2180 procul
494 2117 577 2178 atque
595 2113 622 2164 in
641 2113 697 2165 sola
714 2114 837 2180 relegant

80 2189 188 2256 Pascua,
206 2193 268 2256 post
284 2193 405 2242 montem
421 2189 582 2256 oppositum,
596 2192 624 2241 et
641 2192 717 2242 trans
734 2189 843 2242 flumina
860 2192 930 2259 lata;

78 2267 136 2318 Aut
154 2265 227 2319 intus
244 2265 349 2318 clausos
369 2271 462 2318 satura
481 2265 517 2316 ad
536 2265 678 2334 praesepia
696 2271 810 2319 servant.

78 2341 171 2408 Carpit
190 2341 262 2394 enim
281 2341 344 2394 viris
364 2343 495 2411 paulatim
515 2342 625 2409 uritque
644 2342 762 2395 videndo
895 2359 930 2397 215

78 2417 196 2485 Femina,
216 2434 266 2470 nec
284 2435 424 2471 nemorum
443 2419 548 2488 patitur
566 2419 719 2473 meminisse
737 2437 787 2473 nec
804 2420 911 2473 herbae.

78 2493 209 2547 Dulcibus
226 2494 274 2548 illa
291 2495 401 2562 quidem
422 2495 565 2548 inlecebris
584 2499 613 2548 ct
631 2513 711 2565 saepe
730 2498 860 2565 superbos

77 2569 211 2623 Cornibus
229 2570 301 2624 inter
319 2589 348 2624 se
370 2572 471 2638 subigit
492 2572 640 2626 decernere
658 2575 779 2627 amantis.

80 2647 203 2699 Pascitur
220 2647 248 2700 in
265 2665 365 2716 magna
386 2648 441 2701 Sila
459 2649 577 2701 formosa
594 2649 722 2703 iuvenca:

60 2734 61 2739 ’
80 2722 122 2774 llli
141 2723 308 2778 alternantes
328 2726 458 2778 multari
478 2726 580 2793 proelia
599 2726 712 2778 miscent
895 2736 931 2774 aao

78 2799 241 2853 Volneribus
259 2802 380 2867 crebris;
398 2802 465 2854 lavit
484 2806 543 2855 ater
561 2818 674 2870 corpora
692 2800 806 2867 sanguis,

78 2875 221 2947 Versaque
239 2879 266 2930 in
286 2878 399 2932 obnixos
418 2884 570 2946 urguentur
589 2895 689 2930 cornua
706 2880 783 2929 vasto

78 2955 145 3008 (lum
164 2956 284 3024 gemitu3
303 2954 418 3008 reboant
437 2956 574 3028 silvaeque
595 2958 623 3008 et
641 2954 738 3020 longus
757 2952 895 3018 Olympus.

78 3033 135 3084 Nec
152 3049 212 3086 mos
230 3030 358 3083 bellantis
376 3047 430 3083 una
448 3031 599 3095 stabularo;
618 3029 667 3082 sed
685 3030 755 3081 alter

79 3107 176 3162 Victus
195 3106 261 3172 abit,
279 3106 414 3173 longeque
432 3105 532 3172 ignotis
551 3104 658 3158 exsulat
677 3104 738 3170 oris,
894 3117 930 3157 aaa

79 3184 169 3236 Multa
186 3199 297 3250 gemens
316 3180 491 3248 ignominiam
509 3180 657 3247 plagasque
675 3180 785 3248 superbi
