2032 3524
322 119 505 168 AENEIDOS
522 120 589 167 ΠΒ.
609 121 659 169 lX.
876 123 924 174 257

78 204 235 258 Conclamat
253 201 351 256 Nisus:
376 217 426 255 nec
443 217 473 254 so
491 201 580 254 calare
598 201 722 255 tenebris
888 218 924 258 aas

79 277 212 346 Amplius,
231 280 280 331 aut
297 280 405 329 tantum
423 275 515 343 potuit
532 277 655 345 perferre
674 277 808 332 dolorem:

79 354 132 420 Mo,
152 370 202 419 me,
220 353 326 420 adsum,
344 353 391 420 qui
410 352 469 419 feci,
488 351 515 403 in
533 368 577 404 mc
595 353 745 406 corrvertite
764 354 875 422 ferrum,

78 430 101 482 Ο
122 428 231 482 Rutuli!
257 445 319 481 mea
337 429 411 480 fraus
429 427 530 491 omnis;
554 428 621 480 nihil
640 428 692 482 isto
709 445 760 482 nec
777 446 867 498 arnus,

79 506 103 558 N
106 523 137 559 cc
154 505 260 574 potuit3
283 504 386 558 caelum
406 502 456 556 hoc
475 507 504 556 et
522 505 628 557 conscia
645 504 736 558 sidera
754 508 856 572 testor3

78 581 194 634 Tantum
213 580 348 634 infelicem
366 580 480 632 nimium
499 579 598 633 dilexit
616 581 739 634 amicum.
890 595 926 635 430

78 656 153 710 Talia
170 656 245 709 dicta
263 655 362 719 dabat;
387 656 436 708 sed
453 655 558 708 viribus
577 656 649 709 cusis
666 657 781 712 adactus

78 731 233 786 Transabiit
250 735 338 784 costas
357 736 386 784 ct
403 730 519 784 candida
536 736 648 799 pectora
665 734 776 801 rumpit.

83 808 206 860 Volvitur
225 807 356 874 Euryalus
374 807 438 871 leto,
456 807 638 874 pulchrosque
656 813 799 876 peractus

79 884 108 937 It
123 900 209 949 cruor,
228 883 310 950 inque
329 882 455 935 humeros
472 883 564 934 cervix
582 884 709 951 conlapsa
727 885 874 938 recumbit:

79 960 235 1028 Purpureus
254 958 339 1011 voluti
356 975 418 1010 cum
437 957 486 1009 ilos
505 957 623 1010 succisus
642 962 734 1011 aratro
890 976 926 1013 aso

79 1035 243 1103 Languescit
261 1035 384 1095 moriens
402 1033 507 1084 lassove
525 1049 661 1099 papavera
679 1034 747 1086 collo

79 1111 220 1164 Demisere
239 1113 328 1176 capnt,
347 1108 439 1175 pluvia
456 1124 518 1159 cum
535 1108 607 1160 forte
624 1113 779 1173 gravantur.

79 1189 119 1239 Ac
138 1186 220 1238 Nisus
238 1185 295 1236 ruit
313 1184 340 1235 in
359 1183 471 1247 medios,
490 1182 631 1250 solumque
649 1200 698 1251 pcr
716 1187 803 1238 omnis

79 1262 253 1314 Volscentem
272 1260 357 1327 pctit3
381 1264 408 1311 in
427 1258 484 1310 solo
505 1257 651 1311 Volscentc
669 1264 798 1314 moratur.

79 1339 165 1402 Quom
190 1337 290 1390 circum
314 1334 458 1403 glomerati
482 1334 574 1387 hostes
597 1334 657 1387 hinc
675 1337 825 1390 comminus
843 1345 927 1406 atquo

147 1413 210 1466 hinc
891 1429 927 1466 aa

80 1489 254 1542 Proturbant
294 1489 384 1541 Instat
401 1503 454 1538 non
473 1485 565 1551 setius,
585 1502 615 1538 ac
634 1488 707 1538 rotat
724 1503 816 1540 ensem

80 1564 260 1632 Fulmincnm,
279 1564 366 1617 donec
387 1561 481 1614 Rutuli
501 1561 644 1621 clamantis
662 1562 689 1614 in
707 1579 754 1615 ore

80 1640 211 1694 Condidit
228 1641 350 1705 adverso,
369 1643 398 1692 et
416 1638 533 1690 moriens
551 1637 669 1690 animam
687 1637 801 1692 abstulit
819 1639 899 1694 hosti.

80 1715 146 1768 Tum
166 1733 248 1785 supor
266 1715 419 1768 exanimum
439 1730 499 1767 sese
517 1713 632 1780 proiecit
650 1713 766 1767 amicum

80 1792 232 1856 Confessus,
251 1791 411 1860 placidaque
429 1790 468 1842 ibi
487 1790 597 1842 domum
615 1794 704 1842 morte
722 1791 833 1857 quievit.
893 1806 929 1846 aa

115 1868 258 1920 Fortunati
278 1867 371 1919 ambo!
394 1868 417 1917 si
436 1867 503 1933 quid
522 1882 582 1918 mea
599 1865 720 1919 carmina
737 1872 858 1935 possunt,

80 1942 163 1994 Nulla
182 1942 241 1994 dics
259 1957 388 2009 umquam
407 1942 521 1992 memori
539 1957 587 1992 vos
605 1940 708 1993 eximet
726 1958 799 2009 seso,

81 2018 152 2070 Dum
172 2018 268 2069 domus
288 2020 399 2069 Aeneae
418 2016 534 2082 Capitoli
553 2015 683 2068 inmobile
701 2032 796 2069 saxum

82 2093 201 2157 Accolet,
221 2092 410 2159 inperiumque
428 2095 508 2158 pater
527 2090 665 2141 Romanus
685 2089 803 2146 habebit.

115 2169 242 2222 Victores
260 2166 363 2236 pracda
383 2166 478 2218 Rutuli
497 2165 643 2232 spoliisque
661 2166 750 2232 potiti,
893 2186 930 2224 aa

80 2245 255 2297 Volsccntem
274 2242 427 2296 exanimum
447 2242 545 2294 flentes
563 2240 590 2291 in
609 2247 699 2293 castra
717 2241 852 2297 ferebant.

81 2322 105 2374 N
108 2338 138 2374 cc
155 2321 243 2373 minor
261 2320 289 2372 in
307 2318 404 2371 castris
423 2318 513 2370 luctus
534 2316 688 2369 Rhamnete
706 2322 816 2383 reperto

81 2397 219 2464 Exsangni
238 2403 266 2449 ct
284 2394 379 2462 primis
399 2410 452 2446 una
470 2397 512 2445 tot
530 2390 614 2444 caede
632 2393 791 2461 peremptis,

80 2473 250 2541 Serranoque
269 2472 422 2537 Numaque.
460 2468 562 2534 Ingens
580 2482 725 2519 concursus
743 2469 778 2521 ad
796 2470 856 2538 ipsa

80 2549 201 2617 Corpora
218 2546 416 2612 seminccisqnc
435 2544 506 2596 viros
524 2542 673 2610 tepidaquc
692 2554 829 2598 recentem
894 2563 930 2602 455

80 2624 171 2677 Caede
190 2624 277 2676 locum
296 2628 324 2675 et
342 2622 437 2688 plenos
455 2617 592 2686 spumanti
611 2623 740 2685 sanguina
757 2620 837 2674 rivos.

81 2700 262 2766 adgnoscunt
280 2697 365 2766 spolia
383 2698 456 2749 inter
475 2711 504 2747 se
522 2693 683 2760 galeamque
701 2691 836 2749 nitentem

80 2774 200 2842 Messapi
217 2779 246 2826 ct
264 2773 349 2826 multo
367 2772 492 2839 phaleras
510 2769 611 2821 sudoro
629 2773 760 2838 receptas.

115 2851 152 2903 Et
169 2850 223 2902 iam
240 2850 329 2917 prima
346 2864 414 2900 noro
433 2844 580 2914 spargebat
598 2844 700 2898 lumine
718 2850 807 2902 terras

79 2925 188 2981 Tithoni
206 2941 331 2977 croccum
348 2923 473 2990 linquens
492 2923 601 2974 Aurora
618 2920 721 2976 cubile:
892 2939 929 2980 ιω

81 3003 139 3055 lam
159 3001 215 3054 solo
232 3000 328 3066 intuso,
348 3001 401 3052 iam
419 2997 501 3051 rebus
519 2998 580 3050 luce
598 2999 717 3067 retectis,

80 3078 186 3130 Turnus
204 3075 232 3128 in
250 3092 326 3128 arma
343 3075 424 3142 viros,
443 3074 526 3127 armis
545 3072 728 3128 circumdatus
745 3077 811 3145 ipsc,

80 3153 208 3216 suscitat,
226 3156 389 3220 aeratasque
407 3151 480 3203 acics
498 3150 526 3202 in
543 3149 647 3217 proclia
665 3151 738 3219 cogit
