2032 3524
88 119 118 165 58
316 115 345 165 P.
366 114 518 163 VERGILI
543 116 709 165 MARONIS

86 194 211 261 Victoris,
228 197 295 260 tum,
313 211 383 262 quos
400 194 491 247 amisit
510 193 619 262 nautis,
636 212 758 261 amorcs;

84 272 121 323 llt
139 269 247 323 stabula
264 270 427 338 adspectans
445 271 536 337 regnis
554 272 673 325 excessit
689 272 777 326 avitis

85 347 157 412 Ergo
176 345 248 397 omni
266 362 331 398 cura
350 346 414 399 viris
432 351 552 411 exercet,
571 351 600 399 ct
617 347 690 400 inter

87 421 160 473 Dura
177 421 246 474 iacet
265 438 368 490 pernox
388 421 504 474 instrato
522 438 588 474 saxa
605 422 694 490 cubili,
901 439 938 481 na

85 497 238 550 Frondibus
256 498 370 551 hirsutis
388 502 417 552 et
435 498 522 551 carice
540 502 635 566 pastus
652 504 739 566 acuta,

84 575 119 626 llt
137 577 256 641 temptat
275 591 341 640 sese,
361 576 445 642 atque
463 574 541 626 irasci
560 574 587 627 in
606 591 706 628 cornua
724 575 806 630 discit

86 649 200 702 ,laboris
219 649 334 702 obnixus
352 655 455 717 trunco,
476 654 625 718 ventosque
643 650 752 705 lacessit

87 725 196 791 lctibus,
215 729 243 778 et
262 741 355 792 sparsa
374 725 409 778 ad
427 742 546 794 pugnam
564 726 686 794 proludit
703 743 792 781 arena

84 802 156 866 Post,
176 801 221 853 ubi
240 801 383 854 collectum
402 802 486 854 robur
504 802 631 870 viresque
649 804 777 871 refectae,
899 819 936 858 aas

83 879 165 945 Signa
183 882 280 941 movet
298 894 484 946 praecepsque
502 877 617 930 oblitum
635 878 725 932 fertur
742 880 769 932 in
787 881 911 946 hestenu

85 954 195 1007 Fluctus
213 954 253 1007 uti
271 953 361 1006 medio
380 955 469 1022 coepit
487 970 548 1006 cum
567 953 705 1008 albescere
723 959 807 1024 ponto

83 1030 208 1097 Longius,
227 1047 261 1083 cx
280 1030 390 1098 altoque
409 1031 497 1083 sinum
515 1030 614 1096 trahit;
631 1035 717 1100 utque
736 1031 844 1085 volutus

83 1108 129 1160 Ad
147 1112 235 1161 terras
253 1108 360 1160 inmane
378 1111 456 1160 sonat
474 1124 524 1175 per
542 1124 614 1174 saxa,
632 1124 722 1175 neque
739 1107 798 1176 ipse

82 1184 176 1237 Monte
194 1184 281 1236 minor
299 1183 467 1251 procumbit:
485 1187 515 1236 at
532 1184 587 1236 ima
604 1186 747 1236 exaestuat
764 1183 838 1238 unda
898 1199 934 1238 uc

82 1260 244 1326 Vorticibus,
263 1260 424 1326 nigramque
441 1260 496 1311 alte
516 1258 652 1313 subiectat
670 1275 788 1314 arenam.

116 1338 201 1388 (lanne
214 1335 282 1388 adeo
294 1351 381 1402 genus
394 1335 421 1386 in
438 1336 520 1388 terris
537 1335 732 1403 hominumque
749 1337 932 1405 ferarumque,

82 1413 118 1465 Et
135 1428 219 1478 genus
237 1427 410 1478 aequoreum,
430 1411 557 1478 pecudes,
575 1413 718 1479 pictaeque
736 1411 867 1478 volueres,

82 1488 114 1540 ln
133 1488 216 1540 furias
235 1488 380 1554 ignemque
398 1492 488 1540 urunt.
526 1490 612 1540 Amor
630 1487 755 1541 omuibus
772 1487 853 1541 idern

80 1564 212 1631 Tempore
231 1581 282 1615 non
303 1564 354 1616 alio
373 1563 523 1616 catulorum
542 1564 628 1616 oblite
646 1564 741 1616 leaena
895 1579 930 1619 w

81 1640 191 1693 Saevior
209 1641 311 1693 erravit
329 1642 438 1708 campis,
458 1657 507 1693 uec
525 1641 621 1692 funcra
640 1640 717 1706 volgo

81 1717 145 1768 Tam
165 1716 250 1769 multa
267 1716 396 1768 informes
414 1717 470 1768 ursi
489 1722 663 1783 stragemque
682 1717 784 1770 dedere

81 1793 134 1845 Per
152 1793 246 1857 silvas;
265 1796 326 1844 tum
345 1809 440 1845 sacrus
458 1809 531 1860 aper,
551 1797 609 1845 tum
628 1793 745 1859 pessima
762 1792 857 1859 tigrin

82 1869 151 1934 Heu,
171 1871 317 1922 maletum
337 1869 438 1936 Libyae
457 1869 519 1921 solis
538 1871 646 1921 erratur
664 1869 691 1920 in
709 1868 788 1935 agris

81 1946 177 1998 Nonne
195 1944 279 2011 vides,
298 1948 329 1997 ut
347 1948 407 1997 tota
424 1949 528 1998 tremor
546 1947 716 2012 pertemptet
734 1959 866 2011 equorum
895 1957 930 1999 rte

81 2022 207 2090 Corpora,
227 2021 249 2074 si
268 2025 375 2074 tantum
394 2025 471 2074 notas
490 2021 556 2074 odor
575 2021 669 2073 attulit
687 2022 784 2075 aurasl

81 2102 122 2150 lle
140 2116 228 2166 acque
247 2115 293 2151 eos
311 2099 364 2150 iam
383 2098 460 2151 frena
478 2098 572 2164 virum,
591 2114 680 2165 neque
697 2096 813 2149 verbera
830 2113 917 2165 saeva

80 2174 140 2227 Non
160 2175 260 2243 scopuli
279 2191 416 2242 rupesque
435 2191 516 2226 cavae
534 2178 619 2241 atque
637 2173 744 2226 obiecta
761 2174 907 2229 retardant

80 2250 212 2317 Flumina,
231 2255 424 2317 correptosque
443 2250 516 2301 arida
534 2250 691 2315 torquentia
709 2250 817 2304 mentis.

81 2327 144 2392 lpse
163 2327 218 2379 ruit
237 2326 390 2392 dentesque
410 2324 559 2376 Sabellicus
578 2325 685 2378 exacuit
703 2343 760 2397 sus,
895 2342 932 2382 m

80 2402 114 2454 lit
132 2402 202 2470 pede
220 2401 374 2470 prosubigit
393 2404 503 2465 terram,
524 2400 605 2454 fricat
624 2401 721 2455 arbore
739 2407 836 2473 costes,

81 2478 173 2545 Atque
194 2478 257 2529 hinc
276 2481 360 2544 atquc
378 2476 451 2528 illinc
469 2476 596 2530 humeros
615 2477 651 2530 ad
669 2480 780 2532 volnera
797 2479 887 2536 durat.

79 2554 151 2617 Quid
169 2553 280 2616 iuvenis,
299 2569 428 2620 magnum
448 2553 490 2605 cui
510 2559 602 2607 versat
621 2557 648 2608 in
667 2556 774 2609 ossibus
792 2556 886 2622 ignem
920 2584 931 2597 -»

80 2630 169 2681 Durus
188 2630 279 2682 amori
316 2629 423 2696 Nempe
443 2629 568 2697 abruptis
588 2631 701 2685 turbata
719 2633 844 2700 procellis

79 2706 166 2758 Nocte
184 2708 262 2758 natat
280 2723 360 2759 caeca
378 2722 454 2758 sorus
473 2707 558 2770 frcta3
577 2725 659 2775 quem
679 2726 760 2775 super
777 2709 875 2774 ingens
896 2723 935 2766 ιω

79 2781 162 2834 Porta
180 2785 259 2835 tonat
276 2783 351 2848 caeli,
371 2787 399 2835 ct
418 2783 533 2851 scopulis
552 2783 632 2835 inlisa
650 2784 797 2837 reclamant

79 2859 223 2924 Aequora;
241 2875 291 2911 nec
309 2859 401 2911 miseri
420 2863 535 2927 possunt
554 2876 682 2913 revocare
700 2864 837 2929 parentes,

78 2933 103 2984 N
105 2950 135 2985 cc
153 2935 285 2988 meritura
303 2951 384 3002 super
402 2935 505 2987 crudeli
525 2935 620 2988 sumre
639 2937 721 3003 virge.

78 3008 149 3071 Quid
167 3010 256 3078 lynces
275 3011 374 3064 Bacchi
394 3011 484 3063 traciae
502 3015 530 3064 et
548 3028 634 3077 genas
653 3028 714 3064 acrc
731 3012 858 3078 luporum

78 3085 171 3153 Atque
189 3090 302 3141 canum?
321 3087 396 3155 qnid,
415 3104 485 3154 (lianc
503 3087 616 3140 inbelles
635 3087 702 3140 dant
719 3088 823 3155 proclia
839 3095 937 3149 cervi?

77 3160 186 3215 Scilicet
203 3166 267 3216 aute
285 3162 373 3215 omnis
391 3163 466 3215 furor
485 3167 528 3216 cst
546 3162 658 3227 insignis
676 3178 824 3230 equarum
898 3184 939 3224 aaa
