2032 3524
316 383 344 433 P.
363 380 517 429 VERGILI
536 377 701 426 MARONIS

280 537 738 614 AENEIDOS

349 723 465 776 LIBER
491 722 676 786 QUARTUS.

469 882 570 912 ...ψ--

91 1013 134 1064 Ar
155 1012 250 1076 regina
267 1009 344 1076 gravi
361 1009 520 1065 iamdudum
540 1011 630 1064 saucia
647 1024 711 1062 eura

91 1086 193 1138 l'olnus
212 1085 259 1136 ulit
278 1086 357 1149 vonis,
377 1090 405 1138 et
423 1105 502 1141 cacco
521 1088 642 1156 carpitur
660 1083 722 1150 igni.

60 1169 66 1181 '
90 1163 177 1214 Multa
195 1161 245 1214 riri
264 1161 351 1213 uirtus
370 1164 466 1229 animo,
485 1164 642 1230 multusque
660 1160 782 1212 recursat

89 1240 183 1291 Gentis
201 1237 300 1301 honos;
318 1237 432 1291 haerent
450 1241 526 1291 infixi
545 1242 654 1308 pectore
673 1236 761 1288 roltus

89 1312 242 1381 Verbaque,
256 1330 306 1365 nec
317 1313 451 1381 placidam
467 1316 598 1368 membris
612 1315 660 1366 dat
671 1329 735 1364 cura
746 1312 876 1378 quietem.
933 1326 947 1365 t

89 1388 201 1442 Postera
221 1389 347 1442 l'hocbca
365 1389 503 1445 lustrabat
521 1390 647 1458 lampade
666 1393 754 1441 terras

88 1465 310 1533 Humentcmque
331 1467 438 1520 Aurora
456 1468 518 1536 pole
538 1468 691 1519 dimoverat
708 1463 840 1529 umbram,

88 1540 155 1593 Cum
174 1541 212 1593 sie
231 1541 385 1594 unanimam
405 1544 562 1612 adloquitur
582 1543 652 1595 malo
673 1556 737 1594 sana
755 1554 889 1592 sororem:

88 1618 167 1669 Anna
186 1633 270 1685 soror,
288 1635 359 1685 quae
378 1636 421 1671 mc
441 1637 598 1688 suspensam
616 1617 747 1671 insomnia
764 1619 888 1669 terrent!

88 1695 152 1757 Quis
170 1710 253 1746 novus
272 1692 315 1746 hic
334 1697 434 1748 nostris
454 1697 584 1749 suecessit
604 1695 716 1749 sedibus
734 1693 841 1761 hospes,
920 1706 947 1746 ιο

87 1770 173 1833 Quom
192 1786 251 1822 sose
270 1786 316 1822 ore
335 1771 432 1839 ferens,
451 1790 534 1842 quam
553 1773 618 1825 ferti
636 1774 748 1840 pectere
766 1774 795 1823 et
811 1768 914 1824 armis!

87 1846 175 1898 Credo
195 1845 331 1914 equidem,
349 1864 399 1900 nec
418 1865 487 1902 rana
504 1849 580 1915 fides,
599 1865 684 1916 genus
703 1864 762 1901 csse
781 1846 906 1899 deenun.

87 1921 242 1988 Degeneres
261 1923 364 1976 animos
382 1925 464 1977 tiurer
482 1925 580 1993 arguit.
619 1924 691 1991 Heu,
711 1922 808 1992 quibus
826 1921 872 1974 ille

88 1998 209 2050 lactatus
227 1999 304 2052 fatis!
325 2017 395 2068 quac
413 2001 485 2054 bella
504 2000 637 2054 exhausta
655 1999 782 2053 emebat!

87 2074 114 2127 si
133 2075 197 2126 mihi
217 2092 268 2127 non
287 2075 376 2128 animo
395 2078 479 2130 fixum
498 2078 687 2145 inuictumque
706 2075 826 2138 sederet,
923 2091 950 2131 15
970 2082 975 2089 '

87 2151 112 2202 N
115 2170 130 2204 c
148 2153 189 2203 eui
210 2168 253 2204 mo
271 2152 357 2204 vinclo
376 2153 473 2206 vollem
493 2153 595 2206 sociare
613 2153 704 2221 iugali,

89 2229 235 2294 Postquam
254 2228 359 2296 primus
378 2247 453 2281 amor
472 2230 616 2297 deceptam
636 2232 724 2282 morte
743 2226 856 2294 fefellit3

88 2306 116 2357 Si
134 2322 186 2356 nen
205 2308 359 2371 pertaesum
381 2306 493 2358 thalami
512 2306 666 2374 taedaeque
683 2306 786 2373 fuisset,

90 2381 160 2432 Huic
178 2380 224 2431 uni
243 2381 334 2433 forsan
353 2382 429 2448 potui
449 2381 625 2435 succumbere
644 2381 750 2450 culpae.

90 2459 177 2521 huna,
196 2455 304 2508 fatebor
323 2458 403 2524 euim,
422 2457 514 2509 miseri
533 2461 595 2525 post
612 2452 669 2511 fata
688 2457 800 2526 Sychaei
923 2470 951 2511 ao

89 2532 215 2599 Coniugis
234 2536 262 2584 et
280 2549 388 2602 sparsos
406 2533 528 2585 fraterna
546 2534 630 2587 caede
650 2534 769 2598 Penatis,

89 2609 166 2661 Solus
185 2608 228 2660 hie
246 2609 352 2662 inflexit
371 2625 473 2676 sensus
494 2610 671 2678 animumque
689 2610 828 2663 labantem

89 2684 199 2753 Inpulit.
236 2686 381 2753 Adgnosco
400 2686 500 2738 vetoris
519 2687 633 2753 vestigia
650 2687 781 2740 flammae.

89 2761 143 2813 Sed
162 2762 227 2814 mihi
247 2763 288 2815 vel
308 2762 389 2815 tellus
408 2766 500 2828 optem
520 2763 594 2830 prius
612 2763 667 2815 ima
685 2763 814 2827 dehiscat,

90 2837 140 2890 l'cl
156 2837 238 2891 l'atcr
252 2839 421 2905 omnipotens
434 2839 528 2905 adigat
540 2856 584 2892 mo
602 2838 713 2892 fulmine
726 2837 761 2891 ad
773 2836 895 2902 umbras,
925 2854 951 2895 n

91 2914 219 2966 l'allcutis
239 2914 349 2966 umbras
370 2915 452 2966 Erebi
471 2918 635 2983 noctemque
652 2914 824 2984 profundam,

91 2993 172 3052 Ante,
194 2991 292 3055 Pudor,
311 3007 392 3057 quam
411 2990 534 3056 teriolo,
553 2996 601 3044 aut
619 2995 668 3044 tua
686 2992 745 3044 iura
762 2990 876 3045 resolve.

90 3066 141 3118 Ille
160 3083 240 3130 meos,
259 3067 362 3133 primus
381 3066 427 3133 qui
445 3083 489 3118 me
508 3068 558 3120 sibi
577 3067 674 3134 iunxit,
691 3084 797 3120 amores

90 3140 295 3200 distulimus
313 3140 414 3194 habeat
433 3159 523 3196 secum
543 3146 688 3209 servetque
707 3143 857 3211 sepulchro.
