2032 3524
79 117 123 162 1311
311 113 340 161 P.
361 112 512 160 VERGILI
530 112 692 161 MARoMs

112 191 226 245 Postera
243 191 352 259 iamque
371 191 430 244 dies
448 192 536 259 primo
555 189 686 257 surgebat
705 190 769 256 Eo,

78 270 300 336 llumentemquo
320 270 427 320 Aurora
445 267 506 336 polo
525 267 677 320 dimoverat
695 267 833 322 umbram:

77 345 144 399 Cum
163 343 253 396 subito
272 360 288 396 o
306 344 386 407 silvis,
405 343 490 396 rnaeio
508 344 631 396 confecta
649 360 784 413 suprema,
893 361 931 399 ma

79 421 167 487 Ignoti
187 436 255 472 uera
273 420 360 471 forma
377 419 427 471 viri
447 418 657 486 miserandaque
674 420 750 473 errltu

79 496 204 549 Procedit
222 496 391 562 simplexque
409 512 504 547 manus
523 494 559 546 ad
577 494 657 547 litora
676 495 773 550 tendit

79 572 253 640 ltospieimus.
292 571 357 625 Dira
377 571 490 623 inluvies
509 569 676 638 inmissaque
693 571 789 640 barba,

77 652 237 702 t'onsertum
257 650 386 713 tegumen
406 647 505 712 spinis;
522 649 552 699 at
571 650 664 699 eetera
682 646 789 716 Graius,

77 725 113 777 lit
131 722 268 791 ‹pramlam
286 722 381 788 patriis
399 721 434 773 arl
454 721 561 774 Troiam
580 723 678 775 missus
696 723 724 775 in
741 725 831 778 armis.
894 742 933 781 sos

78 801 159 867 Isque
178 798 224 850 ubi
246 796 396 849 Dardanios
414 796 524 850 habitus
542 801 571 850 et
590 798 670 850 Troia
688 799 759 853 vidit

78 879 163 927 Arma
180 873 281 942 proeul,
300 873 408 941 pullum
427 878 540 941 aspectu
558 874 723 927 conterritus
741 876 836 942 haesit

77 950 271 1018 Continuitque
289 949 420 1017 graduum
439 966 501 1000 mox
520 966 579 1002 sese
597 949 633 1001 od
651 949 733 1003 litera
750 969 884 1021 praeceps

77 1030 145 1079 Cum
163 1027 230 1080 fletu
248 1026 430 1094 precibusque
450 1025 526 1078 tulit:
547 1025 601 1077 Per
620 1025 711 1078 sidera
729 1030 825 1094 testor,

77 1102 130 1155 l'er
148 1120 259 1170 superos
277 1108 360 1169 atque
379 1101 429 1154 hoe
447 1101 514 1153 caeli
533 1100 662 1168 spirabile
681 1101 781 1168 lumen,
894 1120 933 1159 sao

76 1179 173 1232 Tollite
191 1195 243 1243 me,
262 1178 374 1241 Teneri;
391 1193 576 1244 quascumque
593 1175 722 1230 abducite
739 1182 843 1244 terras;

78 1255 137 1307 lloe
156 1258 198 1306 sat
216 1255 275 1306 erit.
313 1253 374 1306 Seio
393 1269 436 1304 me
457 1252 559 1305 Danais
578 1268 594 1304 e
612 1251 743 1305 elassibus
761 1270 854 1322 unum,

78 1330 113 1382 llt
131 1329 201 1382 bello
221 1330 319 1381 lliaeos
337 1329 426 1380 fateor
444 1327 557 1395 petiisse
577 1328 694 1380 Penatis.

78 1405 130 1457 Pro
149 1422 209 1472 que,
228 1405 250 1456 si
268 1404 378 1457 sceleris
395 1407 473 1456 tanta
491 1407 534 1456 est
553 1403 651 1456 iniuria
668 1405 761 1471 nostri,

77 1482 203 1548 Spargite
215 1497 259 1533 me
271 1481 298 1532 iu
311 1479 417 1547 fluetus,
430 1483 561 1546 vastoque
574 1481 720 1548 inmergite
731 1485 823 1549 ponto.
893 1496 933 1537 sos

77 1559 105 1609 Si
123 1573 211 1624 pereo,
231 1555 369 1608 hominum
387 1555 512 1608 manibus
532 1555 646 1622 periisse
664 1556 774 1610 iuvabit.

79 1633 197 1697 llixerat,
216 1636 244 1685 et
262 1648 352 1699 genua
369 1631 509 1698 amplexus
527 1631 698 1698 genibusque
716 1632 843 1687 volutans

79 1708 225 1762 llaerebat.
262 1708 313 1772 Qui
333 1707 376 1772 sit,
395 1707 452 1768 fari,
471 1724 524 1774 quo
543 1708 674 1774 sanguino
691 1711 790 1777 cretus,

77 1784 243 1849 llortamnr;
262 1800 332 1851 qnae
351 1783 449 1836 deinde
467 1784 554 1850 agitet
571 1784 689 1849 fortuna,
707 1785 794 1839 fateri.

78 1861 141 1928 lpse
153 1864 232 1928 pater
244 1858 372 1912 dextram
388 1860 529 1926 Anchises,
543 1859 617 1912 hand
630 1860 716 1912 multa
727 1865 857 1927 moratus,
894 1877 934 1917 olo

78 1936 133 1989 Dat
150 1936 247 2002 iuveni,
267 1940 350 2002 atque
368 1936 487 1988 animum
507 1937 644 2003 praesenti
662 1938 773 2004 pignore
791 1937 907 1991 mmet·

79 2013 129 2065 llle
147 2012 220 2078 haee,
239 2011 364 2079 deposita
381 2011 493 2065 tandem
512 2011 663 2079 formidine,
680 2013 766 2067 fatur:

78 2088 142 2141 Sum
161 2089 250 2154 patria
268 2105 302 2141 ex
322 2088 424 2154 Ithaca,
444 2105 533 2141 eonres
552 2088 666 2141 infelicis
685 2078 766 2155 Ulixi,

78 2164 185 2216 Nomen
206 2164 415 2231 Aeherneniiles
437 2164 543 2217 Troiam
562 2165 685 2231 genitore
705 2165 857 2219 Adamasto

79 2241 435 2308 Paupere-mausissetqne
449 2242 551 2294 utinam
566 2241 674 2293 fortuna
682 2240 868 2308 !-profoetus
895 2258 935 2297 ars

80 2318 201 2385 Hieme,
220 2317 285 2370 dum
303 2318 405 2385 trepidi
424 2317 546 2371 crudelia
563 2317 655 2370 limina
673 2317 809 2384 linquunt,

80 2393 246 2446 Inmemores
264 2393 328 2445 soeii
347 2398 423 2446 vasto
443 2394 566 2461 Cyclopis
586 2395 613 2446 in
632 2398 711 2447 antro

79 2469 239 2522 Deseruere.
275 2468 378 2521 Domus
397 2471 471 2522 sanie
491 2469 662 2537 dapibusque
681 2468 809 2535 ementis,

79 2544 157 2597 Intus
174 2560 265 2611 opaea,
283 2543 385 2610 ingens.
423 2546 486 2612 lpse
505 2545 615 2611 arduus,
634 2545 744 2612 altaque
760 2544 853 2611 pulsat

79 2619 252 2682 sidera-Di,
272 2619 355 2671 talem
373 2622 456 2673 terris
473 2622 590 2674 avertite
608 2624 715 2688 pestem
723 2624 763 2674 1-
897 2636 938 2677 ω)

79 2692 103 2746 N
106 2713 136 2748 ee
154 2696 213 2748 visu
231 2695 317 2747 facilis
335 2712 385 2747 nee
403 2695 478 2749 dieta
498 2696 625 2749 adfabilis
643 2696 698 2749 ulli.

79 2771 236 2824 Visceribus
254 2773 413 2825 miserorum
432 2777 461 2826 et
480 2773 610 2839 sangiune
630 2773 749 2826 vescitur
766 2774 836 2826 atro.

80 2847 144 2899 Vini
162 2851 278 2915 egomet,
296 2848 350 2901 duo
370 2848 405 2901 de
423 2865 534 2901 numere
553 2866 614 2901 eum
633 2864 746 2916 corpora
763 2850 859 2903 nostre

79 2923 182 2976 l'reusa
199 2942 281 2978 manu
299 2941 397 2992 magna
414 2925 504 2976 medio
523 2925 666 2992 resupinus
685 2925 712 2975 in
730 2925 810 2975 antro

80 2999 231 3066 Frangeret
248 3001 284 3054 ad
302 3016 404 3066 sarum,
422 3001 552 3068 sanieque
571 3016 700 3067 exspersa
718 3001 864 3054 natarent'
900 3014 940 3055 ω

79 3075 201 3140 Limiua3
219 3077 277 3129 vidi
295 3080 434 3130 atrocum
453 3075 575 3128 membra
593 3075 709 3128 fluentia
724 3073 789 3127 tabo

80 3151 232 3217 Manrleret,
251 3156 280 3207 ot
298 3153 385 3220 tepidi
402 3156 555 3207 tremerent
567 3151 624 3204 sub
642 3149 771 3203 dontibus
787 3153 875 3205 artus.
