2032 3524
361 124 543 173 AENEIDOS
560 122 628 175 LIB.
650 128 714 177 XII.
913 134 959 184 315

110 205 206 257 Victus
224 221 316 257 amore
334 205 383 270 tui,
402 209 517 273 cognato
535 208 666 274 sanguine
683 208 778 276 victus,

109 281 236 347 Coniugis
254 283 283 333 et
301 284 421 334 maestae
440 282 564 350 lacrimis,
582 284 670 336 vincla
688 285 777 338 omnia
794 287 872 355 rupi:
934 301 960 342 so

111 357 273 409 Promissam
292 357 380 423 cripui
397 374 517 425 gener03
535 375 610 412 arma
627 360 711 428 impia
729 361 839 429 sumpsi.

110 433 150 485 le
168 433 214 485 illo
233 433 280 500 qui
299 449 343 485 me
361 450 445 498 casus,
464 451 541 502 quae,
561 435 659 503 Turne,
678 440 827 503 sequantur

109 509 191 574 Bella,
211 509 295 575 vides,
314 512 429 576 quantos
448 511 552 578 primus
570 511 804 578 patiare‘labores

109 585 156 637 Bis
175 602 271 653 magna
288 585 353 638 victi
372 602 463 653 pugna
481 587 525 638 vix
543 586 612 639 urbe
630 590 740 640 tuemur

108 662 176 728 Spes
196 662 297 726 Italas;
315 661 436 715 recalent
453 667 547 714 nostro
566 662 692 716 Tiberina
711 664 813 718 fluenta
935 682 958 720 ai

108 737 244 804 Sanguine
262 737 359 805 adhuc,
377 739 519 805 campique
536 738 661 806 ingentes
679 739 784 792 ossibus
803 740 903 795 albent.

108 816 167 876 Quo
185 813 289 866 referor
306 813 426 866 totiens?
444 831 514 883 quae
532 818 651 867 mentem
670 815 774 868 insania
793 819 900 871 mutati

107 889 136 941 ‘si
154 889 244 942 Turno
263 890 397 943 exstincto
416 890 502 942 socios
520 907 579 942 sum
598 890 704 943 adscire
722 896 843 958 paratus,

108 964 163 1017 Cur
179 982 234 1018 non
251 966 378 1018 incolumi
396 966 488 1033 potius
506 966 656 1018 certamina
674 967 760 1021 tollo?

108 1041 180 1104 Quid
197 1041 388 1108 consanguinei
408 1041 510 1109 Rutuli,
529 1041 597 1109 quid
615 1044 707 1095 cetera
726 1039 805 1096 dicct*
933 1059 957 1096 ro

109 1116 196 1182 ltalia,
214 1117 251 1170 ad
268 1121 384 1169 mortem
403 1118 426 1169 si
443 1118 574 1170 te-Ilors
593 1117 667 1170 dicta
685 1118 790 1171 refutet
798 1123 837 1172 !—

109 1191 287 1259 Prodiderim,
306 1195 397 1245 natam
416 1194 445 1244 et
463 1191 594 1246 connubia
612 1197 704 1245 nostra
723 1197 881 1260 pctcntcnrl

107 1267 228 1342 Respice¹
240 1284 285 1320 res
303 1267 375 1321 bello
393 1268 498 1331 varias3
516 1268 646 1321 miserere
664 1270 785 1336 parentis

107 1335 250 1410 Longareni,
270 1360 351 1411 quem
369 1360 440 1397 nunc
457 1348 591 1397 maestum
610 1345 699 1411 patria
719 1346 813 1399 Ardea
830 1347 909 1414 longe

107 1418 220 1473 Dividit.
253 1419 474 1488 Haudquaquam
493 1420 574 1472 dictis
592 1421 721 1474 violentia
739 1421 823 1474 Turni
931 1437 955 1476 45

108 1495 258 1560 Flectitur;
276 1499 422 1563 exsuperat
439 1496 532 1562 magis,
551 1497 740 1564 aegrescitque
757 1497 901 1551 medendo.

107 1570 146 1624 Ut
162 1571 280 1639 primum
298 1571 349 1624 fari
366 1572 464 1638 potuit,
482 1572 520 1624 sic
538 1572 639 1625 institit
658 1587 715 1627 ore:

107 1647 194 1710 Quam
205 1664 255 1715 pro
267 1664 311 1700 nre
320 1664 413 1700 curam
425 1648 505 1714 geris,
518 1647 588 1700 hane
599 1664 702 1715 precor,
715 1653 835 1717 optume,
847 1665 897 1717 pro
910 1665 954 1702 me

106 1721 241 1790 Deponas,
259 1723 400 1791 letumque
419 1724 490 1775 sinas
507 1740 558 1792 pro
578 1723 658 1775 laude
677 1725 783 1791 pacisci.

108 1799 143 1851 Et
159 1815 209 1852 nos
226 1799 289 1866 tela,
307 1802 394 1868 pater,
412 1799 570 1867 ferrumque
589 1798 663 1851 haud
682 1799 772 1852 debile
791 1799 890 1853 dextra
931 1814 956 1854 te

107 1873 279 1942 Spargimus;
298 1878 326 1928 et
343 1877 437 1927 nostro
456 1876 582 1941 sequitur
599 1874 635 1926 de
653 1875 762 1928 volnere
781 1876 896 1942 sanguis.

107 1949 200 2017 Longe
218 1949 257 2002 illi
275 1949 328 2002 dea
345 1953 435 2002 mater
453 1950 513 2015 crit,
533 1967 603 2017 quae
621 1949 693 2002 nube
710 1951 833 2016 fugacem

108 2025 236 2079 Feminea
253 2028 338 2093 tegat,
357 2030 386 2079 et
404 2026 480 2078 vanis
499 2042 559 2078 sese
577 2026 683 2078 occulat
702 2025 814 2078 umbris.

144 2103 183 2154 At
201 2101 303 2169 regina,
322 2118 391 2154 nova
409 2118 516 2170 pugnae
534 2102 683 2155 conterrita
701 2106 781 2164 sorte,

107 2175 213 2245 Flebat,
230 2179 259 2230 et
277 2177 420 2230 ardentem
437 2193 570 2244 generum
588 2177 721 2229 moritura
738 2176 864 2230 tenebat:
931 2194 956 2232 tt

107 2251 203 2318 Turne,
220 2269 271 2320 per
289 2252 338 2305 has
357 2270 407 2320 ego
425 2257 454 2306 te
473 2253 604 2318 lacrimas,
622 2269 672 2320 per
691 2252 714 2305 si
732 2253 793 2321 quis
813 2253 931 2307 Amatae

107 2328 205 2397 Tangit
222 2328 306 2382 honos
323 2330 551 2395 animum—spes
569 2333 600 2381 tu
618 2346 689 2382 nunc
708 2345 768 2396 una,
788 2333 913 2382 senectae

107 2403 148 2457 'l'u
165 2405 275 2474 requies
292 2405 424 2470 miserae;
443 2406 526 2458 decus
545 2404 735 2473 inperiumquo
754 2404 845 2457 Latini

106 2479 145 2533 'lle
162 2497 245 2549 penes
255 2501 262 2545 ;
281 2481 308 2533 in
326 2486 355 2535 te
373 2482 460 2534 omnis
478 2481 574 2533 domus
593 2480 721 2533 inclinata
739 2480 909 2534 recumbit-

107 2554 198 2609 Unum
216 2573 277 2610 ore:
297 2556 400 2610 desiste
418 2573 528 2609 manum
547 2557 718 2609 committere
738 2555 855 2608 Teucris.
931 2569 956 2607 oo

108 2631 159 2694 Qui
177 2636 206 2685 te
223 2647 339 2700 cumque
356 2635 469 2686 manent
486 2632 539 2685 isto
558 2631 705 2684 certamine
723 2647 808 2697 casus,

108 2707 143 2759 ut
160 2723 214 2775 me,
233 2707 329 2773 Tmue,
348 2712 474 2772 manent;
493 2707 572 2759 simul
591 2706 658 2759 haec
676 2707 762 2758 invisa
780 2705 932 2774 relinquam

109 2782 228 2850 Lumina,
247 2799 297 2836 nec
314 2800 446 2850 generum
467 2780 578 2836 Aenean
598 2783 705 2849 captiva
723 2781 827 2834 videbo.

108 2859 223 2928 Accepit
240 2875 333 2911 vocem
350 2859 469 2912 lacrimis
487 2859 599 2911 Lavinia
618 2857 713 2908 matris

108 2933 263 3002 Flagrantis
280 2935 390 3002 perfusa
407 2951 498 3001 genas,
518 2935 560 2987 cui
577 2933 711 3001 plurimus
729 2931 819 2998 ignem
930 2943 955 2984 ot

107 3007 228 3063 Subiecit
246 3011 336 3075 rubor,
355 3013 384 3063 et
402 3010 532 3062 calefacta
549 3026 599 3077 por
619 3024 666 3059 ora
684 3005 812 3059 cucurrit.

108 3083 207 3138 Indum
226 3086 373 3152 sanguineo
391 3085 476 3138 veluti
494 3083 635 3137 violaverit
653 3086 728 3135 ostro

107 3156 135 3211 si
153 3174 215 3276 (ἔξω
233 3158 309 3226 ebur,
329 3162 378 3212 aut
395 3160 482 3213 mixta
499 3157 600 3211 rubent
618 3156 665 3208 ubi
683 3155 739 3209 lilia
757 3153 845 3212 multa
