2032 3524
340 117 611 186 erumnosus.
630 118 652 167 1.
782 103 783 106 ’
867 119 921 168 so

75 200 198 269 Triginta
215 215 328 268 magnos
344 198 485 252 volvendis
502 197 642 253 mensibus
660 197 733 252 orbis
779 194 781 197 ’

77 277 185 344 lnporio
203 275 333 343 explebit,
350 291 521 344 regnumque
539 276 574 328 ab
593 275 658 328 sedo
677 274 772 328 Lavini
888 288 924 331 rio

76 351 240 416 Transferat,
258 354 287 405 et
304 351 412 418 longam
429 353 516 405 multa
534 353 560 405 vi
578 352 684 405 muniet
703 352 811 409 Albam.

77 428 132 481 Hic
148 428 202 479 iam
220 431 264 480 ter
282 431 392 480 contum
410 431 484 481 totos
501 428 661 495 regnabitur
679 445 762 480 annos

77 504 166 557 Gente
185 503 236 555 sub
257 504 402 571 Hectorea,
420 503 507 558 donec
525 505 619 571 regina
638 503 764 557 sacerdos

77 580 168 632 Marte
185 581 276 646 gravis
292 580 427 646 geminam
446 585 528 649 partu
547 580 624 632 dabit
643 581 695 633 Ilia
712 581 824 650 prolem.

79 655 149 709 Inde
166 654 247 723 lupae
264 655 337 708 fulvo
354 656 469 708 nutricis
486 657 607 723 tegmine
626 657 714 710 laetus
890 668 927 710 275

79 729 210 783 Romulus
229 731 346 799 excipiet
363 735 481 798 gentem,
501 735 529 784 et
548 732 684 786 Mavortia
702 733 803 786 condet

78 807 187 860 Moenia
207 807 397 874 Romanosque
415 824 463 860 suo
482 808 643 862 denomino
662 809 743 862 dicet.

79 884 132 936 His
150 901 200 951 ego
218 900 268 936 nee
286 887 373 936 metas
392 900 484 936 rerum
500 901 551 937 nec
568 888 692 952 tempora
710 901 796 953 pono;

80 960 220 1028 Inperium
239 960 296 1012 sine
315 959 368 1012 fine
387 960 459 1013 dodi.
498 961 568 1025 Quin
587 977 683 1028 aspera
702 961 778 1027 luno,

79 1035 155 1099 Quae
168 1052 243 1088 mare
255 1052 326 1088 nune
337 1039 480 1104 terrasque
493 1041 569 1089 metu
581 1038 740 1103 caelumque
751 1036 858 1103 fatigat,
893 1047 930 1086 ase

79 1111 198 1164 Consilia
216 1111 243 1164 in
261 1112 359 1164 melius
376 1112 485 1179 referet,
504 1129 664 1180 mecumque
682 1112 785 1165 fovebit

81 1187 224 1254 Romanos,
244 1204 335 1240 rerum
354 1187 485 1256 dominos,
502 1192 666 1255 gentemque
684 1193 814 1256 togatam.

80 1263 125 1316 Sic
142 1264 279 1331 placitum.
316 1263 417 1317 Veniet
434 1264 528 1317 lustris
546 1263 701 1318 labentibus
718 1268 803 1331 aetas,

81 1339 150 1392 Cum
168 1339 265 1392 domus
284 1340 412 1392 Assaraci
431 1340 559 1393 Phthiam
578 1341 718 1408 clarasque
736 1341 865 1408 Mycenas

81 1415 198 1469 Servitio
216 1419 323 1483 premet
341 1433 372 1468 ac
390 1416 468 1470 vietis
487 1416 672 1470 dominabitur
691 1418 782 1485 Argis.
895 1428 932 1467 285

81 1491 218 1544 Nascetur
235 1492 348 1559 pulchra
366 1493 497 1545 Troianus
516 1493 619 1560 origine
639 1493 745 1560 Caesar,

84 1567 223 1635 lnperium
243 1567 359 1635 Oceano,
377 1568 477 1621 lamam
496 1569 544 1636 qui
563 1569 694 1622 tenninet
712 1569 800 1634 astris,

84 1643 178 1710 lulius,
196 1660 213 1696 a
230 1660 329 1710 magno
347 1643 496 1697 demissum
514 1662 612 1698 nomen
633 1646 700 1699 Iulo.

84 1719 166 1772 Hune
184 1724 215 1772 tu
233 1719 297 1771 olim
316 1719 397 1786 caele,
416 1721 508 1788 spoliis
528 1721 648 1774 Orientis
666 1725 801 1786 onustum,

84 1795 211 1863 Accipies
229 1812 338 1860 secura;
356 1797 498 1850 vocabitur
515 1798 558 1850 hic
577 1814 685 1865 qnoque
703 1796 780 1849 votis.
898 1807 934 1846 eoo

84 1874 193 1941 Aspera
211 1875 270 1926 tum
289 1873 384 1940 positis
403 1874 547 1928 mitescent
565 1875 673 1926 saecula
691 1874 784 1938 bellis;

85 1948 160 2002 Cana
178 1948 269 2015 mdes,
289 1952 318 2001 ot
337 1950 430 2015 Vesta,
451 1951 537 2002 ltemo
555 1968 616 2003 cum
636 1950 721 2002 fratre
741 1949 878 2014 Quirinus,

85 2025 152 2078 lura
170 2024 289 2088 dabunt;
308 2025 384 2077 dirae
402 2025 474 2077 ferro
493 2030 521 2077 et
541 2026 705 2092 conpagibus
723 2026 790 2077 artis

86 2099 255 2154 claudentur
274 2100 343 2152 Belli
361 2105 472 2167 portac;
492 2102 580 2152 Furor
597 2101 696 2167 impius
715 2101 788 2152 intus

86 2177 174 2230 Saeva
186 2177 284 2229 sedens
298 2193 378 2242 super
391 2193 466 2228 arma
479 2180 507 2228 et
520 2179 629 2228 contum
642 2176 749 2228 vinctus
761 2175 836 2228 aenis
901 2187 937 2226 rec

87 2253 154 2305 Post
172 2256 280 2320 tergum
298 2251 376 2304 nodis
394 2251 637 2304 fremet-horridus
655 2268 702 2303 ore
720 2255 839 2303 cruento.

122 2327 199 2381 Haec
217 2329 264 2395 ait,
282 2333 311 2381 ot
330 2328 403 2380 Maia
419 2328 541 2394 genitum
560 2327 683 2380 demittit
701 2326 735 2378 ab
753 2327 816 2393 alto,

86 2405 128 2459 Ut
145 2408 244 2467 terrae,
263 2410 348 2472 utque
367 2421 452 2457 novae
469 2407 582 2472 pateant
603 2403 779 2470 Karthaginis
797 2419 875 2456 arces

87 2481 217 2550 Hospitio
236 2483 353 2546 Teucris,
373 2498 407 2533 ne
425 2481 475 2533 sati
493 2481 582 2532 nescia
602 2479 673 2530 Dido

86 2557 201 2611 Finibus
219 2561 332 2611 arceret.
369 2557 451 2609 Volat
470 2557 515 2608 ille
532 2572 582 2624 per
600 2571 663 2608 aera
681 2572 808 2622 magnum
903 2567 939 2604 soe

87 2633 215 2701 Remigio
233 2634 344 2699 alarum,
363 2650 393 2686 ac
412 2633 512 2700 Libyae
531 2632 602 2685 citus
621 2631 729 2684 adstitit
747 2630 808 2682 oris.

87 2706 198 2764 Etiam
217 2710 289 2762 iussa
307 2710 380 2776 iacit,
398 2712 557 2777 ponuntque
575 2708 677 2761 ferocia
696 2707 780 2759 Poeni

87 2784 180 2840 Corda
197 2786 304 2838 volente
323 2786 389 2851 de0;
406 2786 434 2838 in
453 2785 547 2853 primis
565 2785 659 2851 regina
678 2783 801 2850 quietum

89 2860 202 2931 Accipit
218 2862 246 2914 in
265 2863 384 2915 Teucros
403 2863 522 2915 animum
541 2865 716 2927 mentemque
733 2857 887 2923 benignam.

125 2938 168 2992 At
184 2937 246 3006 pius
265 2941 381 3003 Aeneas,
399 2954 449 3006 per
467 2940 575 2990 noctem
592 2936 710 3004 plurima
727 2934 843 3000 volvens,
905 2945 941 2986 305

89 3012 131 3068 Ut
148 3014 267 3082 primum
285 3015 332 3065 lux
350 3014 421 3066 alma
439 3013 505 3067 data
522 3016 572 3080 est,
592 3013 668 3066 exire
687 3012 813 3072 locosoue

91 3086 242 3158 lixplorare
261 3106 351 3158 novos,
370 3092 537 3158 quaerente
555 3105 576 3142 a

91 3164 145 3231 Qui
162 3168 284 3232 teneant,
302 3182 365 3218 nam
382 3165 486 3219 inculta
502 3164 544 3220 rid
