2032 3524
360 127 546 175 AENEIDOS
563 128 633 176 LIB.
653 128 687 176 X.
898 128 944 178 273

93 209 210 261 Aenea?
229 207 317 276 vigila,
336 209 365 261 et
383 207 450 261 velis
469 207 588 261 immitte
607 208 741 264 rudentis⁰

92 285 149 338 Nos
167 301 266 350 sumus,
287 282 387 337 Idaeae
405 301 481 337 sacro
500 285 535 337 <lo
553 286 657 341 vertice
675 286 763 354 pinus,
909 303 945 342 aaa

92 361 172 414 Nunc
189 360 277 429 pelagi
296 360 445 428 Nymphae,
465 361 558 413 classis
577 364 631 413 tua.
672 361 799 414 Perfidus
818 368 849 417 ut
867 381 915 418 nos

93 437 253 505 Praecipitis
272 437 344 488 ferro
364 436 483 489 Rutulus
502 433 666 504 flammaque
684 439 838 506 premebat,

93 512 226 581 Rupimus
243 512 344 565 invitae
363 516 411 565 tua
429 513 541 578 vincula,
561 516 644 581 teque
663 530 712 581 per
730 531 833 582 aequor

93 590 261 654 Quaerimus.
298 590 377 642 Hanc
396 589 529 641 Genetrix
547 589 644 641 faciem
663 591 793 644 miserata
811 593 916 659 refecit,

92 665 129 720 Et
147 665 226 718 dedit
244 682 304 718 csse
322 665 396 731 deas,
415 681 566 732 aevumque
586 666 692 732 agitare
711 667 762 720 sub
780 669 868 722 undis.
909 684 945 723 2³⁵

93 743 133 796 At
150 759 220 810 puer
240 742 373 794 Ascanius
392 757 469 792 muro
487 741 623 808 fossisque
642 745 754 796 tonetm·

92 818 158 870 Tela
175 819 248 871 inter
266 817 359 870 media
376 821 460 884 atque
481 817 619 869 horrentis
640 819 731 872 Marte
751 820 869 874 Latinos.

94 894 154 946 Iam
171 894 229 947 loca
246 895 318 946 iussa
342 894 422 946 tenet
450 894 514 946 forti
533 894 686 961 permixtus
707 896 822 950 Etrusco

94 972 180 1023 Arcas
198 987 290 1038 eques.
326 970 433 1022 Medias
451 969 504 1021 illis
523 986 659 1036 opponere
678 975 790 1040 turmas,

93 1047 136 1100 Ne
154 1047 251 1100 castris
268 1047 390 1114 iungant,
409 1049 485 1098 certa
503 1049 546 1098 ost
565 1047 701 1099 sententia
721 1048 819 1101 Turno.
910 1064 945 1102 am

94 1122 181 1189 Surge
199 1139 257 1190 age,
276 1126 305 1175 et
324 1123 433 1174 Aurora
451 1121 536 1173 socios
555 1122 680 1175 veniente
699 1124 787 1176 vocari

95 1197 201 1251 Primus
213 1199 241 1250 in
253 1214 329 1250 arma
341 1197 412 1263 iube,
426 1201 455 1250 et
467 1197 583 1264 clipeum
597 1213 670 1264 cape,
685 1215 766 1266 quem
779 1199 857 1252 dedit
869 1202 927 1266 ipsc

95 1274 229 1327 Invictum
241 1273 411 1341 ignipotens,
430 1276 514 1339 atque
531 1289 592 1324 oras
611 1272 708 1326 ambiit
726 1290 799 1328 auro.
852 1275 857 1284 '

95 1349 221 1403 Crastina
238 1350 292 1414 lux,
312 1366 373 1401 mea
392 1349 414 1400 si
433 1364 484 1400 non
502 1349 583 1401 inrita
602 1348 675 1401 dicta
693 1350 805 1417 putaris,

95 1425 220 1493 Ingentis
240 1425 359 1479 Rutulae
380 1424 515 1493 spectabit
533 1424 624 1477 caedis
642 1442 759 1480 acervos.
910 1442 945 1479 aaa

94 1501 222 1555 Dixerat:
241 1506 270 1555 et
289 1500 388 1554 dextra
407 1501 550 1553 discedens
578 1501 679 1568 inpulit
697 1502 788 1569 altam,

95 1577 179 1630 Haud
196 1578 291 1645 ignara
309 1577 391 1643 modi,
410 1576 530 1644 puppim.
567 1576 650 1644 Fugit
669 1577 715 1630 ille
732 1595 782 1646 per
800 1579 887 1630 undas

94 1652 176 1706 Ocior
193 1657 222 1707 et
240 1653 326 1706 iaculo
345 1657 373 1706 et
392 1657 488 1705 ventos
506 1657 643 1720 aequante
662 1654 771 1721 sagitta.

95 1729 164 1782 Inde
182 1730 251 1783 aliae
270 1729 390 1782 celerant
408 1745 510 1781 cursus.
547 1728 646 1796 Stupet
664 1729 765 1782 inscius
783 1731 840 1797 ipsc

94 1805 160 1858 Tros
179 1805 375 1870 Anchisiades3
393 1805 495 1857 animos
513 1808 606 1858 tamen
625 1807 714 1858 omine
734 1807 812 1859 tollit.
911 1821 945 1858 250

93 1881 162 1934 Tum
179 1882 301 1935 breviter
313 1901 411 1952 supera
423 1884 584 1948 adspectans
596 1899 715 1934 convexa
733 1886 874 1949 precatur:

96 1956 176 2010 Alma
193 1974 292 2026 parens
311 1957 396 2014 Idaea
415 1957 504 2021 deum,
524 1958 567 2009 cui
584 1957 721 2024 Dindyma
740 1957 815 2010 cordi

93 2032 309 2100 Turrigeraequo
328 2034 409 2085 urbes
428 2033 570 2100 biiugique
588 2032 624 2084 ad
642 2033 719 2085 frena
739 2033 839 2099 leones,

93 2108 134 2161 Tu
151 2108 218 2161 mihi
236 2126 307 2162 nunc
325 2125 432 2176 pugnae
451 2109 584 2176 princeps
604 2112 635 2160 tu
654 2109 708 2160 rite
727 2109 895 2177 propinques

94 2184 257 2251 Augurium,
272 2183 479 2253 Phrygibusque
493 2183 567 2235 adsis
579 2184 657 2250 pede,
670 2183 739 2250 diva,
753 2185 879 2238 secundo.
910 2201 945 2237 aaa

93 2259 210 2312 Tantum
228 2260 333 2313 effatus.
369 2260 405 2312 Et
424 2259 530 2312 interea
549 2259 672 2311 revoluta
690 2258 789 2312 ruebat

94 2335 204 2388 Matura
221 2336 275 2388 iam
293 2335 353 2388 luce
372 2336 439 2402 dica,
458 2338 622 2401 noctemque
640 2335 763 2401 fugarat:

94 2409 230 2479 Principio
249 2412 326 2464 sociis
345 2412 436 2478 edicit,
455 2411 532 2477 signa
551 2415 707 2478 sequantur,

96 2488 188 2555 Atque
206 2488 309 2540 animos
328 2491 433 2554 aptent
444 2487 534 2552 armis,
549 2503 715 2553 ,pugnaeque
734 2490 832 2554 parent
850 2503 886 2544 se.

94 2563 208 2630 Iamque
227 2564 254 2615 in
273 2566 421 2630 conspectu
440 2562 558 2614 Teucros
576 2561 661 2614 habet
680 2566 708 2614 et
727 2579 775 2614 sua
793 2567 890 2628 castra,
910 2577 945 2614 roi

93 2638 174 2692 Stans
191 2640 263 2692 celsa
274 2638 308 2691 'in
326 2639 419 2706 puppi,
438 2639 555 2705 clipeum
574 2654 635 2689 cum
654 2638 754 2691 deinde
774 2639 883 2691 sinistra

95 2715 200 2768 Extulit
217 2715 367 2769 ardentem.
405 2715 558 2767 Clamorem
576 2713 612 2765 ad
631 2714 722 2766 sidera
740 2714 840 2768 tollunt

93 2791 268 2844 Dardanidae
287 2809 303 2844 e
321 2791 422 2855 muri‘s;
441 2806 502 2858 spes
520 2789 616 2841 addita
634 2791 749 2843 suscitat
767 2791 836 2855 iras;

93 2864 157 2920 Tela
175 2884 257 2919 manu
274 2867 390 2931 iaciunt;
410 2866 503 2934 quales
521 2865 572 2918 sub
589 2864 707 2919 nubibus
726 2866 794 2919 atris

93 2943 264 3011 Strymoniae
277 2943 344 2996 dant
357 2944 434 3010 signa
445 2958 535 3009 grues,
547 2945 630 3008 atque
644 2941 756 2995 aethera
768 2945 879 2994 tranant
908 2954 944 2993 aaa

93 3018 163 3072 Cum
182 3019 280 3085 sonitu,
299 3019 462 3086 fugiuntque
481 3017 507 3069 N
509 3022 569 3070 otos
587 3017 703 3070 clamore
723 3017 849 3070 secundo.

94 3099 134 3150 At
153 3094 255 3149 Rutulo
272 3096 331 3162 regi
350 3094 518 3161 ducibusque
534 3110 569 3146 ea
586 3093 656 3145 mira
673 3093 760 3146 videri

95 3171 230 3238 Ausoniis,
249 3170 335 3224 donec
353 3187 444 3224 versas
462 3169 498 3222 ad
515 3169 596 3222 litora
614 3169 714 3237 puppis
