2032 3524
291 428 744 507 BUOOLIOON

440 579 595 634 niens.
777 646 779 649 .

466 767 564 795 —-0·-··

388 923 594 989 ECLOGA
618 924 643 980 I

440 987 603 1108 TlTYRUS.

350 1187 525 1228 Memnonos.
550 1185 684 1230 TITYRUS.

95 1282 139 1337 ..M
158 1281 274 1349 Τιιιιι,
291 1283 324 1337 tu
340 1283 388 1349 pat
376 1281 450 1333 tulae
467 1279 600 1333 recubans
618 1279 669 1332 sub
688 1280 809 1347 tegmine
825 1280 881 1348 fagi

96 1358 254 1411 Silvestrem
268 1357 348 1410 tenui
367 1355 474 1408 Musam
492 1354 633 1426 meditaris
651 1372 753 1422 avena3
941 1365 944 1371 ’

96 1435 152 1487 Νοι
170 1434 276 1502 patriae
295 1433 403 1485 finiset
416 1421 511 1484 dulcia
527 1431 674 1499 linquimus
693 1449 773 1487 arva:
843 1462 846 1468 ·

96 1510 153 1564 Nos
170 1509 287 1578 patriam
305 1508 437 1575 fuginmm
455 1512 493 1574 tu,
514 1508 613 1575 Tityro,
632 1507 690 1562 lent
678 1513 722 1562 tus
740 1509 768 1565 in
786 1510 883 1562 umbra

96 1587 252 1640 Formosam
271 1600 398 1638 resonare
416 1585 496 1638 doces
516 1585 685 1654 Amaryllida
702 1586 793 1640 silvas.
936 1601 949 1639 s

99 1662 130 1716 T.
149 1661 172 1714 Ο
191 1661 333 1727 Meliboee,
352 1661 420 1714 deus
436 1661 514 1715 nobis
532 1661 599 1714 haee
617 1662 673 1714 otia
689 1662 763 1716 feeit.

96 1737 221 1806 Namque
238 1738 292 1791 erit
309 1738 355 1791 ille
373 1738 439 1790 mibi
458 1754 565 1806 semper
584 1737 667 1803 deus;
683 1737 756 1790 illius
773 1738 848 1791 aiam

96 1814 182 1882 Saepe
199 1818 278 1867 tener
295 1817 357 1867 nost
345 1814 395 1867 tris
413 1814 448 1867 ab
466 1814 580 1868 ovilibus
598 1813 705 1868 imbuet
723 1830 818 1882 agnus

96 1890 147 1943 llle
165 1906 239 1943 meas
257 1906 348 1944 errare
366 1891 506 1955 horest
474 1894 506 1943 ut
524 1891 620 1958 cernis,
638 1895 668 1945 et
685 1891 804 1959 ipsums

96 1967 117 2018 Ι
119 1966 212 2042 edere,
232 1982 301 2034 quae
318 1967 423 2030 vellem,
441 1932 544 2019 dalame
562 1967 687 2035 permisit
704 1967 814 2034 agresti.
922 1979 947 2019 ιο

95 2042 137 2095 Μ.
146 2029 217 2095 Non
235 2041 362 2109 equidem
380 2041 505 2106 invideo;
523 2041 607 2094 miror
624 2043 726 2109 magis:
743 2042 864 2110 undique
881 2019 931 2095 ιοι
923 2058 947 2096 ιι

96 2118 191 2186 Usque
208 2117 276 2170 adeo
294 2117 389 2171 turbat
377 2121 423 2171 tur
440 2118 520 2185 agris
559 2118 634 2184 Iln,'
627 2135 685 2206 ipso
703 2117 820 2187 capellas

96 2192 224 2248 Protinus
241 2210 323 2269 aeger
340 2211 408 2262 ago;
425 2193 541 2248 hauet
512 2195 594 2248 etiam
613 2195 666 2261 vix,
686 2195 784 2263 Tityre,
804 2194 881 2249 dueo.

96 2270 150 2324 Ηιο
167 2270 241 2324 inter
258 2237 356 2324 densas
374 2270 477 2338 corylos
495 2271 576 2323 modo
593 2287 711 2338 namque
729 2271 866 2338 gemellos,

95 2346 177 2414 Spem
194 2346 292 2414 gregis,
311 2345 361 2399 ah!
380 2346 501 2399 silicem
520 2346 593 2399 nuda
610 2347 725 2399 connixa
742 2347 861 2414 reliquit.
923 2360 947 2400 ιι

95 2422 182 2490 Saepe
199 2423 300 2476 malum
317 2421 368 2475 hoo
385 2422 511 2488 nobis,
489 2439 513 2474 ιι
530 2438 606 2475 mens
625 2440 678 2476 non
697 2423 773 2476 laeva
791 2424 895 2490 fuisset,

96 2498 137 2551 De
155 2499 230 2554 caelo
246 2503 335 2554 testas
353 2499 642 2567 memini'praedicere
661 2515 784 2568 quereus.
901 2487 919 2529 ‘

95 2575 193 2644 [Saepo
211 2576 322 2630 sinistra
339 2592 405 2630 cava
422 2575 560 2644 praedixit
577 2575 612 2628 ab
629 2576 691 2629 ilice
708 2575 822 2644 cornix]

96 2651 150 2705 Sed
167 2655 266 2714 tamen,
285 2652 339 2706 iste
357 2653 425 2707 dens
444 2652 491 2720 qui
510 2653 554 2719 ιιι,
573 2652 615 2717 da,
634 2653 733 2721 Tityre,
751 2653 836 2706 nobis.

99 2726 130 2782 Τ.
148 2728 260 2795 Urbem,
280 2745 361 2796 quam
379 2728 474 2782 dicunt
493 2728 616 2795 Romam,
635 2727 778 2796 Meliboee,
795 2728 889 2796 putavi
924 2741 949 2780 ιο

96 2804 202 2858 Stultus
219 2822 269 2873 ego
287 2805 350 2858 huie
367 2808 477 2858 nostrae
495 2804 618 2871 similem,
638 2820 693 2874 quo
711 2820 792 2872 saepe
810 2805 927 2857 solemus

97 2880 223 2934 Pastores
241 2882 331 2934 ovium
350 2886 458 2934 teneros
476 2879 614 2949 depellere
633 2881 711 2934 fetus.

96 2955 141 3008 Sic
158 2957 269 3009 canibus
287 2957 390 3028 patulos
409 2957 510 3021 similis,
528 2957 566 3009 sie
583 2956 717 3009 matribus
735 2956 837 3009 haedos

96 3030 205 3099 Noram,
224 3033 262 3085 sie
279 3033 370 3101 parvis
387 3048 539 3101 conponere
557 3048 655 3099 magna
673 3031 798 3085 solebam.

47 3105 49 3110 '
97 3105 200 3160 Verum
217 3109 285 3162 haee
302 3110 410 3162 tantum
428 3107 494 3161 alias
512 3108 584 3160 inter
601 3110 684 3176 eaput
702 3107 801 3162 extulit
817 3109 856 3161 url
