2032 3524
369 122 554 170 AENEIDOS
572 123 640 172 ΜΒ,
660 125 723 173 XII.
918 131 964 175 323

119 201 234 254 Nomine
253 217 332 254 avum
351 201 477 268 referens,
503 202 591 254 anime
615 203 792 271 manibusque
815 210 964 272 parentem,

119 279 169 342 Qui
188 277 331 345 quondam,
352 281 442 330 eastra
460 281 492 330 ut
509 278 634 331 Danaum
653 281 804 348 speculator
821 281 918 349 adiret,

119 355 209 406 Ausus
229 354 340 406 Pelidae
357 355 476 421 pretium
495 353 548 406 sibi
565 372 677 423 poscere
695 372 791 408 currus
800 377 808 418 ;
918 365 965 412 ’000

118 429 198 482 Illum
217 429 334 497 Tydides
353 430 405 482 alie
423 448 472 499 pre
491 430 592 482 talibus
611 432 683 500 ausis

117 505 228 559 Adfecit
245 508 340 574 pretio,
361 524 410 560 nee
429 509 505 576 equis
524 509 646 576 adspirat
664 510 785 564 Achillis.

117 582 197 634 Hunc
214 583 307 651 preeul
325 587 357 636 ut
376 599 469 651 eampo
489 584 595 636 Turnus
613 587 753 653 prospexit
770 591 873 654 aperto,

116 659 189 711 Ante
208 659 260 711 levi
279 659 365 712 iaculo
384 659 494 725 longum
513 660 659 726 perinane
680 665 795 729 secutus,

115 734 193 786 Sistit
212 751 296 802 eques
314 734 414 801 biiugis
432 738 461 787 et
480 752 562 788 eurru
580 735 679 802 desilit,
699 740 781 805 atque
929 755 965 793 355

115 809 270 881 Semianimi
288 811 418 878 lapsoque
437 812 601 878 superuenit,
621 816 649 864 et
667 813 738 880 pede
756 813 824 866 eollo

116 885 248 954 lupresso,
268 886 383 939 dextrae
402 903 558 940 mueronem
576 892 723 955 extorquet
741 893 770 942 et
787 889 842 944 alte

113 961 275 1028 Fulgentem
293 962 395 1029 tinguit
413 963 513 1029 iugulo,
533 967 618 1030 atque
635 963 702 1017 haee
720 965 832 1032 insuper
850 966 945 1020 addit:

112 1036 162 1104 lln,
180 1054 267 1106 agros,
286 1041 322 1105 et,
341 1055 423 1106 quem
441 1038 521 1106 bello,
540 1039 662 1106 Troiane,
680 1040 782 1109 petisti,

113 1113 277 1183 Hesperiam
289 1116 388 1168 metire
400 1116 489 1167 iacens
502 1134 507 1168 ε
520 1114 587 1167 haee
598 1115 728 1183 praemia,
741 1117 789 1184 qui
800 1133 844 1170 mo
926 1131 963 1171 000

111 1187 197 1252 Terre
216 1191 274 1243 ansi
292 1194 437 1258 temptare,
456 1191 548 1244 ferum
558 1212 565 1256 3
582 1191 620 1244 sio
638 1192 744 1245 moenia
762 1193 891 1247 condunt.

112 1264 184 1320 Huic
201 1267 328 1320 comitem
349 1266 473 1334 Asbyten
491 1267 613 1320 coniecta
632 1268 743 1336 cuspide
762 1269 857 1338 mittit,

112 1341 280 1411 Chloreaque
300 1343 477 1411 Sybarimque
496 1343 654 1411 Daretaque
673 1343 932 1414 Thersilochumque

111 1417 147 1470 Et
166 1419 298 1471 sternacis
317 1419 380 1487 equi
399 1418 505 1487 lapsum
524 1420 628 1472 cervice
648 1419 820 1487 Thymoeten.

110 1493 153 1546 Ae
171 1494 245 1547 velut
264 1494 352 1547 lldoni
372 1495 477 1548 Boreae
496 1512 557 1547 eurn
576 1495 689 1564 spiritus
707 1496 762 1549 alte
924 1514 960 1552 000

111 1569 224 1622 insonat
242 1571 361 1637 Aegaeo,
381 1570 559 1638 sequiturque
577 1570 614 1623 ad
631 1570 713 1624 litera
731 1571 848 1638 fluetus;

110 1644 169 1709 Qua
186 1646 261 1698 venti
278 1646 433 1713 incubuere,
453 1646 545 1713 fugam
564 1647 632 1700 dant
650 1647 743 1700 nubila
760 1649 848 1712 eaelo;

109 1720 153 1774 Sic
171 1721 268 1789 Turne,
288 1739 457 1790 quacumque
476 1723 546 1776 viam
565 1726 646 1790 secat,
664 1725 773 1790 agmina
789 1724 891 1778 cedunt

109 1796 315 1865 Conversaeque
333 1801 416 1850 ruunt
435 1799 506 1851 acies
516 1819 522 1863 ;
540 1799 595 1852 fert
613 1800 733 1867 impetus
751 1800 847 1867 ipsum,

109 1872 144 1924 Ilt
162 1873 272 1925 cristam
290 1873 405 1926 adverse
424 1891 506 1926 curru
525 1875 615 1940 quatit
634 1892 700 1927 aura
719 1875 862 1929 velantem.
922 1890 958 1931 070

108 1947 133 1999 N
135 1964 170 2000 on
187 1949 252 2001 tulit
270 1949 418 2002 instantem
437 1949 562 2017 Phegeus
581 1950 734 2019 animisque
752 1950 935 2017 frementem

107 2021 215 2080 Obieeit
233 2041 293 2078 sese
311 2025 346 2077 ad
364 2042 481 2092 currum,
500 2028 529 2079 et
547 2026 701 2093 spumantia
719 2026 802 2079 frenis

107 2097 163 2151 Ora
180 2099 326 2153 citatorum
345 2101 443 2153 dextra
462 2101 579 2154 detorsit
598 2118 739 2169 equorum.

107 2173 179 2227 Dum
198 2176 317 2229 trahitur
335 2177 492 2244 pendetque
512 2178 589 2244 iugis,
609 2177 680 2229 hune
698 2177 755 2230 lata
771 2180 905 2232 1'etectum

107 2249 212 2304 Lancea
230 2254 412 2319 consequitur,
431 2254 589 2320 rumpitque
608 2253 692 2304 infixa
709 2252 816 2306 bilicem
920 2269 957 2310 370

107 2325 236 2395 Loricam,
255 2331 284 2381 et
302 2344 437 2380 summurn
456 2329 584 2393 degustat
603 2328 711 2380 volnere
730 2346 835 2397 eorpus.

108 2401 157 2455 1110
174 2405 266 2456 tamen
284 2403 369 2471 elipee
389 2403 495 2456 obiecto
514 2420 658 2456 conversus
676 2404 704 2456 in
722 2404 829 2457 hostem

107 2477 175 2543 Ibat
193 2482 222 2532 et
240 2479 370 2531 auxilium
389 2479 472 2531 ducto
490 2496 618 2532 mucrone
635 2479 767 2548 petebat,

106 2553 174 2606 Cum
192 2557 252 2607 reta
269 2554 449 2622 praeeipitem
468 2559 496 2607 et
514 2572 645 2622 procursu
665 2556 787 2608 concitus
804 2557 863 2609 axis

106 2629 209 2698 Inpulit
227 2630 397 2698 effunditque
416 2630 478 2689 solo,
499 2631 659 2699 Turnusque
678 2634 788 2683 secutus
865 2677 866 2680 ,
918 2647 955 2685 aso

106 2705 192 2758 lmam
209 2706 283 2758 inter
300 2705 404 2772 galeam
424 2707 522 2757 summi
541 2706 659 2759 thoracis
678 2710 706 2759 et
725 2722 786 2758 oras

104 2780 228 2834 Abstulit
246 2797 311 2833 ense
330 2785 418 2848 eaput,
437 2785 619 2850 truncumque
637 2781 750 2850 reliquit
767 2797 872 2835 arenae.

138 2857 231 2925 Atque
250 2873 282 2909 ea
301 2855 366 2908 dum
385 2857 487 2924 eampis
505 2857 592 2910 vietor
611 2858 659 2909 dat
678 2858 775 2910 funera
794 2856 906 2921 Turnus,

103 2933 214 2987 Interea
233 2934 346 2985 Aenean
366 2932 527 2984 Mnestheus
545 2936 573 2985 et
592 2933 663 2985 fidus
683 2933 804 2985 Achates

103 3009 291 3077 Ascaniusque
309 3025 399 3061 eomes
417 3009 513 3061 eastris
532 3012 654 3062 statuere
672 3011 822 3074 cruentum,
917 3023 953 3062 000

102 3077 232 3138 Alter-nos
250 3085 330 3152 longa
347 3085 482 3137 nitentem
500 3084 613 3152 cuspide
631 3100 748 3151 gressus.

101 3159 200 3226 Saevit,
219 3163 248 3215 01
265 3160 380 3214 infracta
397 3160 517 3212 luctatur
535 3159 668 3213 arundine
689 3159 772 3214 telum
