2032 3524
344 121 527 169 AENEIDOS
545 120 606 168 LIB
633 121 667 171 X.
893 127 939 176 287

92 197 231 265 Ingemuit
249 197 304 250 cari
322 200 443 265 graviter
460 200 593 268 genitoris
610 216 710 270 amore,

91 275 130 327 Ut
148 274 225 341 vidit,
244 273 357 341 Lausus,
375 276 558 345 lacrimaeque
575 293 625 345 per
643 293 691 329 ora
708 277 823 332 volutae.
904 291 942 335 rso

91 350 145 402 Hie
162 350 258 403 mortis
276 349 362 404 durae
381 367 472 404 casum
490 355 593 419 tuaque
612 355 724 422 optuma
740 354 820 421 faeta,

90 425 119 478 si
137 444 191 494 qua
209 426 293 479 fidem
311 431 389 481 tanto
407 430 450 480 est
468 428 544 495 operi
562 428 652 482 latura
669 432 798 496 vetustas,

90 501 152 554 Non
170 501 305 570 equidem,
322 520 373 556 nee
391 507 426 568 te,
445 503 550 556 iuvenis
568 505 750 572 memorande,
770 506 863 560 silebo.

90 576 141 631 Ille
159 579 258 645 pedem
277 579 398 631 reterens
416 582 446 632 et
463 579 567 632 inutilis
586 580 668 648 inque
686 580 786 651 ligatus

90 653 220 718 Oedebat,
239 653 380 721 clipeoque
398 655 537 708 inimicum
555 655 654 709 hastile
672 656 806 712 trahebat.
905 674 941 714 rea

90 728 230 799 Proripuit
247 729 352 782 iuvenis
370 746 486 797 seseque
503 731 642 784 inmiscuit
659 733 749 799 armis,

90 805 204 873 Iamque
221 805 396 873 adsurgentis
414 805 513 860 dextra
530 806 693 875 plagamque
710 808 824 862 ferentis

89 884 200 934 Aeneae
218 881 304 934 subiit
322 898 484 948 mucronem,
503 882 647 952 ipsumque
665 884 798 937 morando

88 955 239 1021 Sustinuit3
257 958 322 1010 socii
339 974 437 1026 magno
455 958 571 1012 clamore
590 963 749 1026 sequuntur,

87 1032 161 1086 Dum
178 1034 287 1100 genitor
304 1033 362 1087 nati
380 1050 475 1101 parma
491 1038 634 1102 protectus
653 1035 750 1102 abiret,
902 1051 940 1089 sm

88 1108 206 1177 Telaque
224 1109 380 1176 coniiciunt,
399 1111 620 1178 proturbantque
639 1110 743 1164 eminus
761 1109 869 1164 hostem
919 1129 923 1135 ·

87 1184 247 1238 Missilibus.
284 1185 365 1238 Furit
384 1187 501 1253 Aeneas,
519 1189 665 1255 tectusque
684 1190 762 1240 tenet
779 1203 816 1241 se.

88 1262 131 1315 Ac
148 1261 224 1315 velut
242 1261 328 1315 effusa
346 1262 369 1314 si
388 1262 498 1329 quando
515 1263 651 1330 grandine
669 1263 754 1316 nimbi

88 1337 280 1406 Praecipitant,
300 1338 386 1391 omnis
404 1339 507 1406 eampis
525 1338 635 1407 diffugit
653 1343 752 1406 arator,

86 1412 182 1466 Omnis
200 1418 229 1467 et
247 1414 371 1482 agricola,
390 1418 418 1467 et
436 1417 498 1468 tuta
516 1415 585 1468 latet
602 1431 665 1468 aree
683 1415 779 1482 viator,
901 1433 938 1471 em

88 1490 145 1543 Aut
164 1490 250 1543 amnis
267 1490 341 1558 lipia,
360 1494 408 1544 aut
426 1491 475 1544 alti
493 1492 595 1544 fornice
613 1491 679 1559 saxi,
769 1551 771 1555 ,

85 1561 158 1618 Dum
175 1566 247 1634 pluit
264 1566 292 1618 in
310 1567 401 1633 terris,
420 1569 452 1619 ut
468 1567 573 1634 possint
592 1567 648 1620 sole
667 1567 781 1621 reducto

85 1641 221 1695 Exercere
238 1643 325 1695 diem:
349 1642 387 1695 sie
405 1641 519 1695 obrutus
536 1643 658 1710 undique
676 1642 738 1696 telis

86 1719 195 1771 Aeneas
212 1719 312 1771 nubem
331 1718 403 1786 belli,
422 1719 488 1776 dum
507 1719 621 1771 detonet
639 1719 733 1785 omnis,

85 1794 260 1867 Sustinetnet
279 1794 398 1855 Lausum
416 1795 564 1862 increpitat
582 1794 726 1862 Lausoque
743 1795 875 1851 minatur:
900 1812 937 1852 sm

85 1869 145 1932 Quo
163 1871 295 1922 moriture
313 1870 377 1935 ruis,
395 1871 552 1938 maioraque
570 1870 673 1923 viribus
691 1871 796 1924 audesl

85 1945 167 1999 Fallit
185 1949 214 1999 te
231 1946 369 1998 incautum
387 1946 475 2014 pietas
493 1949 547 1999 tua.
584 1947 643 2000 Nee
660 1947 749 2000 minus
767 1947 813 2000 ille

85 2020 212 2074 Exsultat
230 2021 357 2085 demens;
386 2038 483 2075 saevae
501 2022 611 2089 iamque
629 2022 712 2075 altius
729 2023 786 2075 irae

84 2096 222 2150 Dardanio
241 2101 356 2164 surgunt
375 2096 491 2165 ductori,
509 2101 688 2166 extremaque
707 2098 796 2150 Lauso

84 2171 185 2226 Parcae
203 2173 249 2225 fila
266 2173 374 2240 legunt:
393 2173 513 2225 validum
532 2190 650 2242 namque
668 2174 755 2240 exigit
772 2190 866 2226 ensem
899 2191 936 2229 srs

84 2247 138 2300 Per
155 2248 276 2302 medium
299 2251 405 2301 Aeneas
423 2249 555 2314 iuvenem,
574 2252 720 2316 totumque
737 2248 871 2303 recondit.

83 2322 202 2377 Transiit
220 2328 249 2377 et
267 2341 389 2392 parmam
407 2341 509 2391 mucre,
528 2324 599 2378 levia
616 2341 692 2377 arma
709 2325 829 2392 minacis,

83 2399 119 2451 llt
136 2400 264 2466 tunicam,
282 2400 356 2452 molli
374 2404 463 2453 mater
480 2417 562 2468 quam
581 2405 693 2454 neverat
711 2416 783 2467 auro,

84 2474 255 2543 inplevitque
273 2475 361 2528 sinum
380 2476 504 2542 sanguis3
522 2480 580 2528 tum
599 2477 656 2528 vita
673 2493 723 2544 per
740 2492 820 2528 auras

82 2550 222 2604 Concessit
239 2554 345 2603 maesta
362 2551 398 2604 ad
417 2551 514 2618 Manis,
532 2568 685 2620 corpusque
703 2552 821 2617 reliquit
899 2566 935 2603 aar

85 2628 122 2679 At
140 2642 204 2680 vero
221 2630 254 2680 ut
271 2626 375 2679 voltum
393 2626 464 2679 vidit
480 2628 622 2681 morientis
641 2631 669 2680 et
687 2643 742 2692 ora,

81 2699 137 2754 Ora
154 2701 243 2755 modis
264 2702 443 2756 Anchisiades
461 2703 590 2771 pallentia
608 2703 692 2770 miris,

81 2775 222 2844 Ingemuit
239 2778 371 2831 miserans
388 2778 517 2843 graviter,
536 2778 718 2846 dextramque
736 2776 863 2843 tetendit,

81 2851 117 2905 lit
134 2857 254 2906 mentem
272 2853 380 2921 patriae
398 2853 482 2907 subiit
500 2854 612 2922 pietatis
630 2854 727 2921 imago.

81 2927 153 2992 Quid
171 2928 223 2982 tibi
241 2945 321 2994 nuuc,
339 2928 494 2981 miserande
512 2945 588 2996 puer,
600 2945 650 2996 pro
669 2928 795 2981 laudibus
814 2927 883 2990 istis,

80 3004 152 3067 Quid
170 3005 231 3073 pius
251 3006 359 3057 Aeneas
375 3008 453 3058 tanta
471 3004 550 3058 dabit
567 3004 658 3058 indole
676 3004 808 3072 dignuml
924 3053 926 3057 .

81 3082 174 3148 Arma,
193 3080 293 3148 quibus
310 3080 436 3146 laetatus,
449 3080 520 3133 habe
539 3084 601 3145 tua;
619 3083 703 3149 teque
720 3083 866 3147 parentum
930 3113 933 3119 ·

79 3154 206 3209 Manibus
224 3158 253 3209 et
264 3155 356 3223 cineri,
375 3155 398 3208 si
416 3159 531 3224 quaest
549 3172 582 3209 ea
599 3171 671 3224 eura,
689 3155 809 3210 remitto.
901 3164 903 3168 ’
