2032 3524
321 121 524 171 GEORGICON
543 121 613 171 LIB.
633 122 686 171 111.
902 123 930 172 61

80 208 144 262 Non
162 223 241 261 secus
257 221 289 259 ae
305 204 403 274 patriis
420 220 484 256 acer
502 203 641 257 Romanus
660 205 688 257 in
707 205 790 258 armis

81 285 190 338 Iniusto
208 281 260 335 snb
277 281 351 334 fasee
369 287 440 333 viam
458 297 520 333 cum
538 281 635 349 carpit,
654 286 683 334 et
701 281 772 334 hosti

81 361 157 414 Ante
175 361 364 426 exspectatum
382 357 480 425 positis
496 361 554 410 stat
571 357 599 410 in
617 358 725 425 agmine
743 359 846 412 castris.

118 438 157 490 ht
174 452 236 501 nen,
255 450 309 502 qua
327 433 452 501 Scythiae
470 436 567 500 gentes
586 433 760 502 Maeotiaque
778 434 859 501 unda,

79 509 218 566 Turbidus
237 513 268 562 et
284 513 416 578 torquens
435 508 560 562 flaventis
580 509 678 563 Hister
695 527 799 577 arenas,
897 526 933 566 330

81 590 196 656 Quaque
214 585 289 639 redit
306 585 427 639 modium
447 585 580 655 Rhodope
597 592 724 655 porrecta
741 587 792 640 sub
810 605 897 642 axem

82 665 143 718 11110
160 664 253 716 clausa
269 665 366 716 tenent
384 661 499 716 stabulis
516 668 646 728 armenta,
666 681 715 718 neo
732 665 803 717 uliae

83 743 141 795 hut
158 739 260 792 herbae
278 755 372 806 campo
391 738 525 806 adparent
542 743 590 794 ant
608 739 705 794 arbore
722 741 842 809 hundos,

81 817 137 870 Sed
153 816 225 869 iacet
243 815 390 882 aggeribus
407 815 493 869 niveis
511 815 635 869 informis
652 821 682 870 01
699 817 755 871 0110

81 893 166 946 Terra
182 891 246 960 gelu
264 890 328 959 late,
346 895 507 961 septemque
525 892 650 960 adsurgit
667 893 695 946 in
712 893 798 946 ulnas.
897 907 933 945 350

81 971 196 1037 Semper
213 967 327 1036 hiemps,
345 984 453 1035 semper
472 969 607 1036 spirantes
624 969 726 1036 frigora
743 969 825 1022 cauri.

81 1046 149 1098 Tum
168 1043 209 1098 sol
226 1044 353 1113 pallentis
370 1043 444 1096 haud
461 1060 591 1111 nmquam
609 1044 723 1097 discutit
739 1044 857 1110 umbras,

81 1121 105 1174 N
109 1137 140 1174 ec
158 1137 220 1174 cum
236 1120 361 1174 invectus
379 1120 457 1188 equis
475 1119 561 1172 altum
579 1120 649 1188 petit
667 1120 786 1186 aethera,
805 1136 855 1172 nee
871 1136 931 1172 cum

83 1195 264 1265 Praecipitem
283 1196 385 1250 Oceani
403 1195 485 1249 rubro
503 1195 570 1248 lavit
588 1212 705 1264 aequore
723 1212 839 1250 currum.

81 1273 266 1327 Concrescunt
283 1273 391 1327 subitae
410 1273 531 1326 currenti
549 1273 577 1326 in
596 1273 706 1327 flumine
724 1278 839 1340 crustae,
897 1288 933 1328 000

82 1349 218 1418 Uudaque
235 1348 290 1402 iam
307 1353 387 1416 tergo
404 1350 521 1403 ferratos
541 1351 659 1404 sustinet
676 1351 758 1418 orbis,

83 1425 223 1495 Puppibus
240 1425 289 1478 illa
304 1425 387 1494 prius,
405 1426 505 1494 patulis
523 1443 594 1480 nune
611 1427 720 1496 hospita
737 1427 881 1497 plaustris;

82 1504 212 1572 Aeraque
229 1501 367 1555 dissiliunt
384 1501 469 1569 volgo,
487 1505 634 1572 vestesque
652 1504 790 1572 rigescunt

83 1578 209 1645 indutae,
228 1577 402 1644 caeduntque
420 1578 558 1631 securibus
575 1580 689 1633 humida
707 1581 776 1646 vina,

82 1656 117 1708 ut
135 1659 213 1708 totae
230 1654 344 1707 solidam
363 1654 390 1706 iu
408 1655 522 1721 glaciem
542 1659 651 1709 vertere
669 1657 782 1710 lacunae
898 1670 935 1708 300

40 1787 46 1798 ,
80 1728 219 1801 Stiriaque
236 1731 341 1798 inpexis
359 1730 481 1783 induruit
498 1731 610 1785 horrida
627 1731 725 1784 barbis.

82 1809 194 1862 interea
212 1811 272 1861 toto
289 1823 342 1858 non
361 1807 446 1860 setius
464 1825 528 1861 aero
546 1810 667 1876 ningnit:

83 1887 229 1939 Intereunt
246 1884 372 1952 pecudes,
391 1888 466 1937 stant
484 1886 647 1938 circumfusa
664 1887 770 1954 pruinis

81 1963 201 2031 Corpora
218 1977 317 2028 magna
333 1960 423 2028 boum,
440 1961 616 2030 confertoque
633 1963 740 2030 agmine
757 1960 830 2014 cerri

81 2039 202 2106 Torpent
214 2037 285 2090 mole
296 2053 364 2090 nova
377 2041 406 2090 01
418 2038 531 2089 summis
544 2039 588 2090 vix
601 2038 727 2091 cornibus
739 2039 856 2090 exstant.
899 2050 936 2089 300

83 2115 142 2168 1103
160 2131 214 2166 non
232 2113 349 2166 inmissis
368 2113 486 2179 canibus,
505 2130 558 2166 non
576 2113 696 2166 cassibus
714 2112 776 2166 ullis

84 2191 251 2243 Puniecaeve
268 2190 374 2258 agitant
392 2189 504 2258 pavidos
523 2189 666 2242 formidine
684 2205 795 2258 pennae,

82 2266 137 2320 Sed
154 2267 429 2339 frustraoppositum
449 2267 588 2320 trudentis
608 2271 720 2336 pectore
738 2269 859 2318 ruentem

82 2344 239 2398 Comminus
256 2343 421 2397 obtruncant
438 2345 518 2413 ferro,
537 2345 714 2413 graviterque
732 2340 859 2400 rudentis

83 2420 216 2490 Caedunt,
233 2425 263 2475 01
280 2438 378 2489 magno
396 2421 461 2475 laeti
481 2421 598 2475 clamore
617 2423 765 2490 reportant.
902 2430 938 2470 ars

86 2497 142 2566 ipsi
160 2498 188 2550 in
206 2497 322 2551 defossis
340 2498 474 2568 specubus
494 2515 589 2552 secura
607 2498 657 2550 sub
676 2497 731 2551 alta

83 2575 148 2627 Otia
165 2578 250 2642 agunt
267 2579 350 2642 terra,
369 2581 555 2645 congestaque
575 2575 673 2628 robora
692 2578 820 2641 totasque

84 2651 240 2705 advolvere
257 2653 323 2706 10013
341 2654 428 2706 ulmos
447 2653 559 2722 ignique
578 2652 687 2705 dedere.

85 2727 139 2780 1110
157 2732 263 2783 noctem
282 2729 347 2782 ludo
365 2732 477 2797 ducunt,
497 2735 525 2784 et
546 2727 643 2800 pocula
660 2728 726 2781 laeti

85 2803 233 2857 Fermento
251 2809 335 2874 atquo
353 2808 437 2862 acidis
455 2808 599 2862 imitantur
616 2805 688 2857 ritca
706 2800 804 2856 sorbis.
904 2811 941 2850 aso

85 2880 158 2933 ’10113
178 2881 358 2950 Hyperboreo
376 2885 488 2954 Septem
508 2884 631 2938 subiecta
649 2878 730 2933 trioni

86 2956 161 3008 Gens
178 2957 282 3010 effrena
298 2958 386 3012 virum
405 2961 528 3030 Rhipaeo
546 2960 673 3013 tunditur
692 2957 772 3017 Euro,

87 3031 123 3084 Et
140 3032 277 3101 pecudum
296 3033 377 3087 fulvis
394 3037 501 3099 uelatur
519 3053 632 3104 corpora
651 3031 741 3086 saetis.

122 3108 151 3162 Si
168 3109 221 3163 tibi
238 3109 364 3163 lanitium
382 3127 471 3174 curae,
490 3112 607 3180 primum
626 3125 723 3178 aspera
740 3106 816 3171 silva,

90 3183 255 3254 lappaeque
272 3184 428 3255 triboliqne‚
446 3186 552 3248 absint;
568 3184 633 3253 fuge
650 3182 750 3252 pabula
766 3183 854 3243 laeta;
907 3191 942 3228 ³85
