2034 3944
347 475 530 524 AENEIDOS
548 475 617 524 LIB.
640 476 670 524 V.
889 477 934 528 167

85 557 202 626 lamque
220 555 290 610 adeo
308 555 402 608 donati
421 571 514 608 omnes
531 554 684 623 opibusque
702 556 813 618 superbi

85 634 211 687 Punieeis
227 632 304 685 ibant
322 632 420 684 evincti
438 635 564 699 tempora
580 633 685 698 taeniis,

85 710 154 764 (luni
173 725 253 762 saevo
271 726 287 761 e
306 709 414 776 scopulo
433 709 520 760 nmlta
537 709 582 761 rix
601 712 660 761 arte
678 711 807 776 revolsus,
907 726 941 766 au

85 787 202 839 Amissis
220 786 303 838 remis
321 789 404 852 atque
421 784 517 837 ordine
535 785 632 839 debilis
649 803 711 854 uuo,

85 863 203 915 Inrisam
221 862 279 914 sine
297 862 399 913 honore
417 864 505 913 ratem
524 861 668 929 Sergestus
686 863 791 931 agebat.

85 939 179 1003 Qualis
197 955 278 1005 saepe
297 939 355 990 viae
373 937 525 1004 deprensus
543 938 570 990 in
589 956 690 1006 aggere
708 956 826 1007 serpens,

84 1018 177 1068 Aerea
195 1030 275 1082 quem
293 1013 433 1080 obliquum
450 1017 512 1066 rota
529 1016 645 1081 transiit,
664 1018 712 1068 aut
729 1017 820 1083 gravis
837 1015 894 1069 ictu

84 1091 253 1144 Sernineeem
271 1090 351 1157 liquit
369 1105 434 1141 saxo
451 1089 626 1159 lacerumque
643 1091 737 1158 tiator,
899 1103 936 1146 27⁵

84 1168 258 1235 Nequiquam
275 1167 369 1233 longos
388 1165 493 1232 fugiens
512 1165 561 1219 dat
578 1183 691 1235 corpore
709 1171 806 1232 tortus,

85 1244 168 1296 Parte
185 1243 269 1309 ferox,
288 1243 442 1309 ardensque
460 1241 551 1308 oculis,
569 1247 598 1295 et
616 1243 694 1296 sibila
711 1243 779 1296 colla

85 1319 196 1372 Arduus
214 1318 359 1382 attollens;
378 1335 442 1385 pars
460 1318 569 1370 volnere
588 1319 684 1372 clauda
701 1321 822 1372 retentat

84 1395 108 1445 N
112 1398 238 1447 exantem
256 1393 336 1446 nodis
354 1411 437 1462 seque
454 1394 482 1445 in
500 1411 550 1446 sua
567 1394 691 1447 membra
707 1394 862 1461 plicantem.

83 1471 140 1522 'lali
158 1471 270 1537 remigio
287 1471 364 1522 navis
382 1487 411 1522 se
429 1470 510 1523 tarda
528 1471 668 1535 movebat;
897 1484 935 1524 aee

85 1547 153 1599 Vela
171 1548 235 1599 facit
252 1549 353 1613 tamen,
371 1551 400 1599 et
417 1547 484 1599 velis
502 1547 576 1600 subit
594 1547 663 1600 ostia
681 1547 774 1613 plenis.

83 1624 243 1689 Sergestum
263 1624 373 1676 Aeneas
391 1623 525 1691 promisso
544 1640 656 1676 numere
675 1624 766 1689 donat,

83 1699 225 1751 Servatam
243 1699 278 1751 ob
296 1716 393 1751 narem
412 1699 500 1751 laetus
518 1699 659 1767 sociosque
677 1699 810 1752 reductos.

84 1774 137 1827 Olli
155 1792 233 1828 serva
251 1774 340 1840 datur,
359 1792 471 1842 operum
490 1775 564 1827 {raud
581 1776 676 1843 ignara
694 1776 840 1841 Minervae,

83 1851 181 1904 Cressa
198 1868 290 1918 genua,
311 1851 420 1918 Pholoe,
438 1852 591 1918 geminique
610 1852 660 1905 sub
678 1852 763 1905 ubere
781 1851 846 1904 nati.
897 1864 934 1904 225

118 1927 179 1980 Hoc
196 1927 256 1994 pius
277 1930 385 1979 Aeneas
403 1927 484 1980 misso
502 1928 649 1981 certamine
668 1929 758 1982 tendit

82 2002 257 2056 Gramineum
269 2003 297 2054 in
310 2020 442 2070 campum,
456 2020 537 2071 quem
549 2004 662 2057 collibus
674 2004 796 2071 undique
809 2003 899 2057 curvis

82 2078 235 2146 Oingcbant
253 2079 343 2144 silvae,
362 2078 507 2146 mediaque
524 2081 552 2131 in
570 2081 639 2133 valle
657 2081 760 2134 theatri

82 2155 176 2208 Circus
195 2159 270 2219 erat;
290 2172 343 2223 quo
363 2172 391 2209 se
409 2156 502 2208 multis
520 2172 581 2208 cum
598 2156 707 2209 milibus
725 2156 806 2208 heros

82 2231 354 2284 Consessumcdium
373 2232 437 2285 tulit
455 2236 648 2301 exstructoque
666 2232 777 2285 resedit.
898 2244 934 2285 290

83 2308 143 2371 Hie,
163 2307 208 2374 qui
226 2306 296 2360 sorte
315 2307 400 2361 velint
418 2308 512 2375 rapido
531 2309 696 2362 contendere
714 2326 801 2374 eursu,

81 2383 185 2435 invitat
203 2383 299 2451 pretiis
317 2384 428 2448 animos,
448 2387 477 2436 et
495 2386 615 2452 praemia
632 2386 715 2452 ponit.

81 2458 211 2526 Undique
228 2460 391 2514 conveniunt
408 2460 504 2513 Teucri
521 2461 654 2527 mixtique
673 2459 769 2527 Sicani,

82 2535 165 2586 Nisus
183 2538 219 2587 et
232 2535 364 2602 Euryalus
383 2536 471 2604 primi,

80 2610 211 2678 Euryalus
229 2610 316 2664 forma
333 2613 445 2680 insignis
464 2612 598 2680 viridique
616 2612 734 2678 iuventa,
897 2636 934 2676 295

80 2687 163 2739 Nisus
181 2689 335 2754 amore.pio
353 2689 449 2756 pueri;
469 2705 536 2756 quos
555 2688 655 2741 deindo
674 2692 783 2742 secutus

82 2763 183 2829 Regius
201 2765 312 2830 egregia
332 2765 431 2817 Priami
451 2765 485 2817 de
505 2764 590 2830 stirpe
609 2764 722 2828 Diores;
791 2820 793 2824 ,

82 2839 162 2890 llunc
175 2840 263 2891 Salius
277 2840 397 2894 simulet
412 2842 520 2907 Patron,
534 2856 650 2907 quorum
663 2840 733 2894 alter
747 2842 882 2909 Acarnan,

82 2914 162 2967 Alter
181 2914 215 2966 ab
238 2916 356 2968 Arcadio
376 2917 514 2983 Tegeaeae
533 2917 662 2983 sanguine
680 2919 787 2984 gentis;

79 2990 147 3041 Tum
160 2989 215 3042 duo
229 2990 358 3043 Trinacrii
376 2992 494 3057 iuvenes,
514 2992 646 3059 Helymus
666 2993 852 3062 Panopesque,
896 3009 926 3048 ao

80 3062 199 3117 Adsueti
217 3065 299 3130 silvis,
319 3067 431 3119 comites
449 3068 562 3120 senioris
582 3069 715 3134 Acestae;

79 3138 160 3192 Multi
178 3145 327 3208 praeterea,
346 3159 414 3210 quos
432 3142 504 3196 farno
522 3143 636 3196 obscura
653 3145 784 3198 recondit.

80 3217 187 3268 Aeneas
206 3217 304 3284 quibus
321 3219 349 3270 in
368 3218 465 3271 mediis
483 3219 520 3272 sic
539 3219 638 3274 deinde
656 3221 777 3275 locutus:

79 3291 206 3359 Accipite
224 3292 290 3345 hacc
308 3294 412 3361 animis,
431 3294 571 3363 laetasque
589 3295 726 3349 advertite
744 3301 862 3353 mentes:

78 3363 166 3418 Nemo
184 3384 218 3419 ex
236 3367 287 3420 hoc
304 3376 417 3422 numero
435 3371 500 3423 mihi
517 3388 571 3423 non
589 3370 705 3423 donatus
724 3371 817 3428 abibit.

78 3440 179 3494 Gnosia
196 3442 261 3496 bina
278 3444 349 3497 dabo
366 3446 456 3500 levato
474 3446 565 3499 lucida
582 3447 656 3499 ferro

78 3514 188 3584 Spicula
204 3518 391 3587 caelatamque
410 3524 524 3588 argento
542 3522 615 3574 ferre
632 3521 779 3589 bipennem
