2032 3524
334 127 519 176 AENEIDOS
537 127 605 176 LIB.
625 128 684 177 XL
885 134 931 182 293

76 207 223 274 ⁴Quaenam
241 225 289 262 vos
306 211 384 262 tanto
401 209 511 262 fortuna
525 204 649 277 indigna,
667 208 765 274 Latini,

85 285 215 354 inplicuit
232 284 310 352 bello,
329 285 376 354 qui
394 301 444 338 nos
461 283 573 352 fugiatis
592 285 707 338 amicosi

84 361 183 416 Pacem
201 377 245 414 me
262 361 394 414 exanimis
411 365 441 414 et
459 361 558 414 Martis
577 367 650 414 sorte
669 360 818 428 peremptis
896 373 932 412 110

84 436 193 492 Oratisl
212 437 340 506 equidem
358 441 388 490 et
405 437 474 490 vivis
492 437 641 490 concedere
659 437 764 490 vellem.

84 513 142 568 Nec
159 513 229 582 veni,
246 513 299 566 nisi
316 513 374 566 fata
391 513 480 566 locum
498 513 646 581 sedemque
666 512 821 578 dedissent;

84 588 143 644 Nec
161 589 263 643 bellum
281 605 343 643 cum
360 594 444 657 gente
462 605 543 657 gero:
562 607 611 642 rex
630 593 724 642 nostra
741 589 852 657 reliquit

84 665 218 734 Hospitis,
237 669 266 719 et
284 665 368 718 'lurni
387 665 478 733 potius
496 682 525 718 se
543 665 662 718 credidit
680 664 771 719 armis.

83 741 208 809 Aequius
225 741 288 794 huic
305 741 425 794 Turnum
443 741 533 794 fuerat
552 758 581 795 se
599 757 735 809 opponere
753 741 841 796 morti.
896 756 932 795 us

83 817 112 871 Si
128 816 231 871 bellum
252 817 331 869 finire
348 833 438 882 manu,
460 816 483 869 si
500 817 603 886 pellere
625 817 741 870 Teucros
776 816 782 826 '

84 894 216 962 Apparet,
234 893 276 946 his
293 909 400 946 mecum
419 893 511 946 decuit
529 909 690 945 concurrere
709 893 786 957 telis3
857 956 861 963 ‚

85 969 175 1037 Vixet,
193 969 237 1022 cui
255 969 339 1022 vitam
357 968 427 1021 deus
445 972 492 1021 aut
510 985 559 1022 sua
577 967 676 1020 dextra
694 968 822 1021 dedisset.

83 1043 163 1098 Nunc
178 1045 219 1098 ite
236 1048 265 1098 et
283 1044 390 1096 miseris
408 1044 554 1112 supponite
572 1043 675 1096 civibus
693 1044 791 1110 ignem.

82 1120 198 1175 Dixerat
218 1121 333 1174 Aeneas.
371 1120 416 1172 llli
435 1119 592 1188 obstipuere
612 1120 727 1184 silentes
894 1134 931 1172 100

82 1196 266 1264 Conuersione
285 1195 376 1249 oculos
395 1196 467 1249 inter
487 1213 516 1248 se
536 1199 622 1263 atque
640 1211 689 1247 ora
707 1194 845 1249 tenebant.

82 1271 151 1326 'l'um
169 1272 264 1339 senior,
283 1288 445 1340 semperque
462 1271 532 1325 odiis
550 1275 578 1324 et
597 1272 709 1323 crimine
727 1271 849 1324 Drances

83 1346 209 1402 Iniensus
226 1348 316 1401 iuveni
336 1348 481 1400 Γ1111110010
500 1364 546 1400 ore
565 1347 682 1399 vicissim

82 1423 152 1477 Orsa
169 1425 267 1478 refert:
286 1423 309 1476 Ο
328 1424 400 1476 fama
416 1424 519 1490 ingens,
537 1423 674 1490 ingentior
691 1423 780 1491 armis,

82 1498 134 1552 Vir
152 1499 274 1566 Troiane,
293 1499 392 1568 quibus
411 1499 484 1552 caelo
502 1503 532 1552 te
550 1499 675 1552 laudibus
693 1499 824 1566 aequcmi
894 1514 929 1554 las

83 1575 244 1630 Iustitiaene
261 1576 337 1643 prius
356 1575 446 1640 mirer,
465 1574 565 1628 belline
584 1574 726 1628 laborum?

82 1651 139 1704 Nos
158 1667 222 1705 vero
240 1651 308 1703 11000
325 1651 442 1719 patriam
461 1651 532 1718 grati
551 1651 701 1704 referemus
719 1651 755 1704 ad
773 1650 876 1715 urbem,

82 1726 118 1780 lit
134 1729 171 1791 te,
191 1725 213 1779 si
232 1743 285 1794 qua
303 1726 375 1779 viam
395 1726 504 1780 dederit
522 1727 639 1794 fortuna,
660 1727 756 1779 Latino

83 1801 230 1870 iungemus
247 1801 312 1869 regi.
349 1802 468 1865 Quaerat
488 1802 540 1854 sibi
559 1802 670 1855 foedera
689 1803 801 1856 Turnus.

82 1877 153 1942 Quin
170 1881 199 1931 et
216 1878 307 1931 fatalis
324 1894 464 1930 murorum
483 1878 609 1930 attollere
628 1878 719 1945 moles,
893 1891 929 1930 100

81 1952 207 2022 Saxaque
226 1953 387 2007 subvectare
406 1953 526 2006 humeris
547 1954 661 2005 Troiana
679 1953 790 2008 iuvabit.

82 2027 197 2082 Dixerat
213 2028 289 2094 haec,
307 2046 416 2097 unoque
433 2046 528 2082 omnes
548 2028 642 2082 eadem
662 2046 709 2080 oro
726 2029 888 2082 fremebant.

82 2102 129 2156 Bis
146 2119 225 2157 senos
242 2105 373 2172 pepigere
392 2105 458 2169 dics,
478 2108 507 2158 et
525 2121 591 2172 pace
610 2108 753 2171 sequestra

82 2179 135 2232 Per
152 2179 233 2232 silvas
252 2180 348 2232 Teucri
366 2181 500 2248 mixtique
518 2181 617 2247 inpune
638 2180 728 2231 Latini

82 2253 212 2309 1111011010
229 2255 308 2322 iugis.
345 2256 430 2308 llerro
450 2259 528 2308 sonat
546 2254 731 2322 letabipenni
894 2270 928 2309 100

82 2329 229 2395 Fraxinum
246 2335 374 2385 evertunt
392 2336 466 2384 actas
485 2331 520 2383 ad
539 2331 630 2384 sidera
648 2331 739 2399 pinos;

81 2405 190 2458 Robora
207 2423 257 2459 nec
274 2407 366 2460 cuneis
384 2410 414 2459 et
432 2407 551 2459 olentem
571 2406 695 2459 scindere
711 2406 830 2475 cedrum,

79 2480 139 2535 Nec
156 2482 285 2549 plaustris
302 2486 409 2536 cessant
427 2486 536 2535 vectare
553 2481 726 2550 gementibus
745 2500 833 2536 ornes.

114 2557 150 2610 Et
169 2556 222 2610 iam
242 2557 326 2610 Fama
344 2558 444 2622 volans,
461 2559 532 2610 tanti
550 2558 713 2625 praenuntia
731 2558 827 2625 luetus,

80 2631 236 2685 Euandrum
257 2633 434 2700 Euandrique
452 2633 546 2685 domos
565 2637 594 2687 ot
612 2634 719 2687 moenia
736 2634 833 2702 replet,
894 2647 929 2684 110

79 2705 155 2768 Quae
172 2707 253 2761 modo
271 2708 401 2761 viatorem
419 2708 498 2762 Latio
520 2709 645 2762 Pallanta
664 2709 777 2764 ferebat.

80 2783 203 2836 Arcades
219 2784 255 2837 ad
274 2788 471 2851 perterruere,
491 2788 520 2837 01
543 2785 577 2837 de
598 2802 672 2837 more
692 2788 801 2837 vetusto

80 2857 218 2912 llunereas
238 2876 353 2927 rapuere
370 2861 457 2924 iaces3
476 2861 550 2913 lucet
566 2861 610 2912 via
629 2861 709 2927 longo

79 2932 183 2987 Ordine
203 2933 380 2999 flammarum,
402 2939 431 2988 et
447 2935 503 2988 late
520 2935 690 2988 discriminat
709 2951 794 3001 agros.

79 3008 182 3063 0011110
200 3010 282 3063 turba
303 3011 439 3078 Phrygum
459 3012 570 3064 veniens
590 3011 747 3079 plangentia
767 3011 856 3077 iungit
891 3025 926 3062 101

79 3085 206 3152 Agmina
243 3086 319 3151 Quae
338 3091 482 3155 postquam
503 3091 605 3140 matres
627 3087 773 3140 succedere
792 3087 874 3140 tectis

78 3160 223 3229 Viderunt,
242 3165 375 3216 maestam
392 3163 542 3218 incendunt
559 3162 722 3217 clamoribus
740 3163 843 3219 urbem
