2032 3524
334 405 366 454 P.
383 405 537 452 VERGILI
554 402 723 452 MARONIS

293 539 770 644 samareus

374 758 491 811 LIBER
509 756 696 811 OCTAVUS.

480 917 580 947 -0-

104 1051 149 1108 Ur
165 1053 231 1108 belli
249 1054 357 1121 signum
376 1053 507 1105 Laurenti
527 1053 634 1104 Turnus
651 1048 687 1103 ab
704 1066 770 1104 aree

105 1129 219 1196 Extulit,
237 1133 266 1182 et
284 1145 365 1181 rauco
383 1131 561 1196 strepuerunt
579 1143 680 1180 cornua
697 1129 787 1192 cantu,

107 1205 199 1272 thue
216 1204 286 1257 acris
304 1203 439 1257 concussit
456 1220 548 1273 equos,
566 1206 652 1272 utque
670 1202 770 1271 inpulit
787 1219 875 1273 arma,

104 1280 249 1348 Extemplo
266 1280 371 1334 turbati
389 1279 479 1347 animi,
497 1280 578 1333 simul
596 1296 676 1333 omno
695 1278 815 1333 tumultu

104 1357 235 1410 Coniurat
253 1357 362 1426 trepido
381 1355 499 1424 Latium,
516 1357 658 1425 saevitque
674 1356 801 1409 iuventus
942 1375 955 1414 ε

104 1433 200 1486 Effera.
238 1433 373 1487 Ductores
391 1433 472 1502 primi
491 1433 634 1502 Messapus
652 1437 681 1486 et
699 1432 785 1486 Ufens

104 1509 336 1578 Contemptorque
355 1508 436 1563 deum
456 1509 610 1563 Mezentius
626 1507 747 1578 undique
766 1511 867 1576 cogunt

106 1586 221 1652 Auxilia,
240 1590 269 1640 et
287 1586 356 1639 latos
374 1589 483 1639 vastant
501 1584 652 1640 cultoribus
670 1600 759 1652 agros.

104 1663 228 1717 Mittitur
245 1667 274 1716 et
291 1663 382 1731 magni
401 1662 524 1715 Venulus
543 1661 684 1716 Diomedis
701 1660 738 1714 ad
755 1659 860 1727 urbem,

104 1740 154 1803 Qui
173 1743 251 1807 petat
270 1739 408 1805 auxilium,
426 1741 463 1806 et,
483 1739 561 1792 Latio
580 1738 727 1791 consistere
746 1736 871 1802 Teucros,
930 1750 954 1788 ro

106 1815 257 1868 Advectum
279 1817 390 1867 Aenean
408 1814 486 1866 classi
504 1815 644 1881 victosque
664 1812 775 1865 Penatis

106 1891 209 1942 inferre
227 1895 256 1942 et
274 1890 338 1941 fatis
355 1906 447 1955 regern
467 1905 496 1941 se
515 1889 606 1941 dicere
624 1887 707 1956 posci,

108 1966 230 2030 adescat,
248 1964 403 2031 multasque
422 1964 479 2016 viro
497 1981 527 2016 se
544 1963 694 2029 adiungere
711 1961 803 2028 gentis

104 2040 248 2106 Dardania,
267 2043 295 2091 et
314 2039 368 2091 late
388 2038 466 2090 Latio
484 2038 671 2091 increbescere
689 2052 794 2089 nomon.

103 2116 174 2181 Quid
187 2119 275 2168 struat
287 2113 329 2166 his
341 2113 452 2182 coeptis
465 2130 554 2181 quern,
568 2113 590 2164 si
605 2113 726 2165 Fortuna
738 2113 877 2180 sequatur,
928 2127 953 2169 1⁵

104 2195 237 2246 liventum
256 2207 362 2257 pugnae
381 2191 481 2257 cupiat,
499 2188 669 2242 manifestius
687 2188 746 2257 ipsi,

103 2271 189 2334 Quam
209 2268 298 2319 Turno
317 2266 383 2332 regi,
401 2269 449 2318 aut
468 2265 526 2332 regi
545 2265 678 2332 adparere
696 2264 802 2319 Latine.

136 2345 211 2397 Talia
229 2360 278 2411 per
299 2343 413 2396 Latium.
451 2342 526 2406 Quae
545 2339 758 2393 Laomedontius
775 2339 857 2394 heros

103 2421 207 2475 Cuncta
224 2419 319 2471 videns
337 2434 435 2485 magno
453 2433 579 2474 curarum
597 2415 711 2471 fluctuat
728 2418 822 2482 uestu;

23 2533 26 2538 ,
103 2501 199 2565 Atque
212 2495 331 2548 aninrum
343 2510 414 2546 nunc
426 2493 478 2546 huc
490 2492 614 2559 celerem,
627 2509 697 2547 nunc
710 2491 808 2546 dividit
819 2491 898 2560 illua·
927 2506 952 2545 m

104 2574 135 2624 ln
155 2572 296 2638 partisque
314 2569 387 2638 rapit
404 2571 492 2622 varias
510 2585 613 2637 perque
631 2569 721 2623 omnia
738 2571 843 2622 versat:

102 2650 179 2702 Sicut
197 2662 284 2714 aquae
302 2645 450 2698 tremulum
468 2645 551 2699 labris
569 2644 615 2698 ubi
633 2644 725 2698 lumen
742 2644 828 2698 aenis·

103 2726 165 2778 Solo
183 2736 372 2792 repercussum
390 2726 438 2775 aut
455 2721 588 2775 radiantis
605 2721 724 2789 imagine
743 2720 837 2773 Lunae

103 2800 203 2852 Omnia
219 2793 437 2865 pervolitat'late
454 2798 520 2864 loca,
537 2797 645 2865 iamque
664 2797 715 2850 sub
732 2813 813 2850 auras

102 2875 226 2941 Erigitur
243 2873 396 2946 summique
412 2873 477 2927 ferit
494 2874 635 2942 laquearia
652 2873 725 2926 tecti.
925 2887 950 2927 2⁸
974 2920 984 2929 .

103 2953 166 3006 Nox
184 2953 252 3016 crat,
269 2954 299 3003 et
316 2953 405 3003 terras
422 2951 547 3004 animalia
564 2951 636 3004 fessa
653 2966 702 3016 per
719 2950 806 3003 omnis

103 3029 229 3083 Alituum
246 3025 437 3095 pecudumque
453 3043 540 3095 genus
557 3043 639 3096 sopor
655 3025 728 3079 ultus
744 3023 876 3080 habebat:

103 3105 173 3161 (lum
190 3103 315 3169 poterin
334 3103 393 3172 ripa
410 3103 548 3172 gelidique
566 3103 617 3158 sub
635 3101 755 3156 aetheris
771 3118 823 3156 axo
