2032 3524
344 116 525 164 AENEIDOS
547 117 616 167 LIB.
642 117 692 168 VI.
889 123 936 170 185
951 158 953 163 .

83 202 152 254 Tum
173 198 282 253 Phoebo
300 200 330 252 et
348 195 454 250 'l'riviae
473 195 560 250 solido
578 197 615 251 de
632 214 772 252 marmore
791 201 927 268 templum

85 277 239 339 instituam,
258 274 398 342 festosque
417 273 476 326 dies
491 273 526 326 de
546 274 655 327 nemine
675 274 785 328 Phoebi.
913 291 939 331 70
982 309 984 313 ι

82 353 121 405 Te
140 368 248 419 quoque
268 367 367 419 magna
384 353 496 403 manent
514 351 606 418 regnis
624 353 777 420 penetralia
794 354 899 408 nostris

84 429 138 481 Hic
154 443 205 496 ego
223 445 339 496 namque
357 431 419 481 tuas
437 430 525 480 sortes
542 445 696 497 arcanaque
713 429 777 492 fata,

82 505 164 558 Dicta
183 521 259 557 meac
277 504 361 570 genti,
381 520 486 572 ponam,
507 503 647 572 lectosque
664 505 784 571 sacrabo,

84 581 172 648 Alma,
191 581 271 633 vires.
308 579 392 633 Foliis
409 583 517 633 tantum
535 598 570 634 ne
587 582 708 634 carmina
725 582 832 650 manda,

86 659 126 712 Nc
143 657 256 710 turbata
273 656 364 710 velent
383 656 486 724 rapidis
504 657 623 711 ludibria
640 659 744 724 ventis;
913 673 938 716 75

85 735 148 800 ipsa
166 750 246 786 canos
265 749 319 787 ero,
358 733 453 787 Finem
473 734 552 787 dedit
571 750 618 788 ore
636 735 772 803 loquendi.
843 772 848 780 ι

118 813 164 876 At,
185 809 287 864 Phoebi
305 810 425 863 nendum
443 811 559 878 patiens,
578 811 693 864 inmanis
711 813 739 865 in
757 815 836 866 antro

84 887 236 944 Bacchatur
253 890 339 953 rates,
358 903 487 954 magnum
506 887 529 939 si
547 892 659 955 pectore
677 889 763 955 possit

84 963 239 1019 Excussisse
257 963 355 1028 deum;
376 967 454 1016 tante
473 964 559 1030 magis
577 963 624 1016 ille
641 965 738 1031 fatigat

83 1040 120 1092 Os
133 1040 266 1106 rabidum,
279 1041 338 1092 fera
350 1039 435 1092 cerda
447 1039 569 1104 domans,
582 1039 716 1106 fingitque
728 1056 804 1107 prem
809 1042 886 1092 ende.
910 1053 936 1091 st

80 1116 160 1168 Ostia
177 1116 288 1182 iamque
307 1115 404 1166 demus
422 1119 538 1182 patuere
556 1114 678 1181 ingentia
694 1119 805 1167 centum

79 1192 185 1259 Sponte
201 1208 259 1257 sua,
278 1190 403 1257 ratisque
422 1190 514 1243 ferunt
532 1205 661 1255 responsa
678 1206 728 1257 per
746 1205 837 1242 auras:

79 1267 106 1320 0
125 1266 238 1320 tandem
256 1267 362 1332 magnis
380 1266 471 1334 pelagi
489 1265 618 1318 defuncte
637 1266 757 1334 periclis!

80 1343 138 1396 Sed
157 1346 248 1396 terrae
263 1343 391 1410 graviora
408 1346 527 1397 manent
566 1343 599 1396 In
618 1359 703 1412 regna
722 1341 816 1395 Lavini

82 1419 257 1473 Dardanidae
270 1419 395 1484 venient;
415 1420 495 1473 mitte
507 1419 576 1473 hanc
589 1420 625 1473 dc
638 1423 749 1488 pectore
762 1435 869 1482 curam;
907 1431 936 1471 ss

80 1497 136 1550 Sed
156 1513 208 1549 non
227 1499 257 1549 et
276 1496 381 1550 venisse
399 1497 497 1551 velent.
535 1496 620 1564 Bella,
638 1495 751 1548 horrida
766 1495 845 1560 bella,

82 1575 118 1626 Et
137 1573 267 1640 Thybrim
287 1572 373 1626 multo
391 1578 564 1642 spumantem
582 1574 714 1641 sanguine
732 1588 819 1627 corne.

81 1650 106 1702 N
108 1667 142 1702 on
161 1650 259 1704 Simois
277 1650 337 1718 tibi,
357 1667 406 1704 nec
426 1650 560 1718 Xanthus,
579 1666 630 1704 nec
650 1649 750 1703 Dorica
767 1652 857 1702 castra

82 1726 240 1792 Defuerint;
259 1727 328 1780 alius
348 1728 427 1781 Latio
445 1728 500 1780 iam
518 1732 613 1796 partus
633 1725 763 1794 Achilles,

81 1803 105 1856 N
108 1807 168 1856 atus
187 1807 216 1856 et
234 1804 293 1872 ipse
312 1804 379 1867 dca;
397 1821 447 1858 uec
465 1804 576 1857 Teucris
594 1804 690 1857 addita
710 1803 778 1855 luno
910 1816 935 1858 st

81 1878 204 1947 Usquam
220 1879 326 1944 aberit;
347 1897 409 1933 cum
427 1884 460 1934 tu
475 1881 593 1948 supplex
611 1881 639 1932 in
657 1879 740 1933 rebus
755 1879 852 1946 egenis

78 1955 154 2019 Quas
171 1955 262 2022 gentis
282 1956 383 2008 Italum
398 1959 450 2009 aut
466 1973 536 2022 quas
552 1974 608 2009 nen
625 1956 746 2008 oraveris
763 1955 859 2010 urbesl

79 2031 184 2082 Caussa
202 2030 265 2082 mali
283 2031 355 2082 tanti
370 2031 490 2089 coniunx
507 2031 608 2084 iterum
627 2030 735 2097 hospita
753 2030 864 2084 Teucris

83 2105 252 2172 lfxternique
270 2105 372 2158 iterum
391 2105 513 2159 thalami.

79 2182 121 2233 'l'u
139 2198 174 2233 ne
193 2181 260 2234 cede
279 2180 364 2248 malis,
385 2181 435 2234 sed
452 2184 549 2235 centra
567 2180 713 2234 audentior
730 2181 778 2248 ite,
908 2196 936 2236 se

81 2256 169 2319 Quam
188 2260 283 2310 tuate
302 2257 425 2311 Fortuna
444 2258 521 2311 sinet.
560 2255 613 2309 Via
630 2257 719 2325 prima
736 2256 839 2324 salutis,

80 2333 161 2397 Quod
179 2333 290 2386 minime
309 2334 384 2401 reris,
405 2334 489 2388 Graia
507 2332 645 2402 pandetur
660 2333 698 2386 ab
716 2333 790 2386 urbe.

116 2408 226 2463 Talibus
245 2426 279 2463 eu
298 2410 381 2478 adyto
399 2410 481 2464 dietis
500 2410 618 2477 Cymaea
632 2409 737 2478 Sibylla

83 2485 242 2540 Horrendus
261 2487 335 2541 canit
352 2486 482 2554 ambages
499 2489 636 2555 antroque
654 2487 781 2555 remugit,

80 2562 210 2616 Obscuris
229 2580 294 2617 vera
311 2564 464 2633 involvens:
487 2579 520 2616 ea
537 2563 615 2616 frena
632 2562 733 2616 furenti
898 2575 936 2615 1⁰0

81 2638 214 2705 Concutit,
233 2644 262 2693 et
279 2640 404 2694 stimules
421 2639 475 2693 sub
491 2643 603 2708 pectore
622 2641 706 2693 vertit
725 2640 833 2709 Apelle.

81 2713 121 2766 Ut
137 2714 256 2781 primum
273 2717 355 2770 cessit
372 2717 449 2770 furor
466 2720 495 2770 et
513 2715 610 2769 rabida
624 2733 675 2770 era
691 2717 829 2785 quierunt,

84 2789 184 2856 incipit
203 2790 311 2844 Aeneas
328 2792 422 2846 heres:
444 2793 506 2846 Non
525 2792 581 2846 ulla
598 2792 731 2858 laborum,

81 2866 104 2915 i)
123 2865 207 2932 virgo,
225 2881 294 2919 nera
311 2867 349 2920 mi
367 2867 450 2922 facies
468 2868 612 2936 inopinave
627 2868 732 2935 surgit3

79 2941 179 2993 Omnia
197 2942 326 3009 praecepi
342 2946 425 3012 atque
443 2944 533 2998 animo
551 2960 659 2998 mecum
675 2947 741 2996 ante
757 2941 859 3010 peregi
896 2955 935 2997 lot

83 3018 173 3070 Unum
189 3033 252 3072 ero:
270 3018 383 3086 quande
400 3019 444 3074 hie
461 3019 561 3074 infami
578 3021 659 3073 ianua
676 3018 750 3086 regis

81 3094 189 3148 Dicitur
207 3097 237 3147 ct
254 3093 402 3148 tenebrosa
417 3097 496 3164 palus
516 3096 674 3150 Acheronte
691 3095 790 3163 refuso,

82 3170 128 3223 lre
146 3171 181 3224 acl
200 3173 376 3240 conspectum
394 3171 450 3226 cari
464 3170 601 3240 genitoris
618 3173 648 3226 et
665 3186 713 3225 ora
