2032 3524
82 277 110 318 ll
317 276 345 322 P.
370 273 521 321 VERGILI
539 274 706 322 tinitonis

81 352 153 403 ltara
172 352 209 404 sit
227 368 261 404 an
280 367 363 420 snpra
382 369 487 407 morem
506 353 529 405 si
547 354 634 407 densa
652 355 783 421 requires,

82 429 178 481 Altera
196 427 341 481 frumentis
359 429 488 497 quoniam
506 430 588 496 favet,
607 429 696 484 altera
714 430 830 502 Boccho,

82 505 171 557 lleusa
188 503 275 570 magis
295 505 397 570 Cereri,
416 505 555 558 rarissima
575 523 700 574 quaeque
722 507 827 574 Lyaeo:

81 585 155 633 riute
174 581 261 632 locum
279 580 371 648 capies
390 581 482 638 oculis,
502 581 612 650 alteque
632 582 739 636 iubebis

81 659 113 710 ln
132 657 218 709 solido
237 663 350 724 puteum
370 656 487 722 demitti,
506 674 669 725 omnemque
688 675 803 726 repones

81 734 186 786 Rursus
204 733 324 800 humum,
344 738 372 786 ct
391 733 508 801 pedibus
527 751 646 786 suunnas
664 735 796 803 aequabis
813 752 919 791 arenas.

80 810 108 862 si
127 810 252 876 dcerunt,
271 825 370 875 rarum,
390 810 536 878 pecorique
555 815 584 863 et
602 810 704 864 vitibus
722 811 801 864 almis

81 888 180 951 Aptius
198 885 267 938 uber
286 886 356 951 erit;
374 887 415 937 sin
434 886 461 937 in
482 902 531 938 sua
549 903 628 954 posse
649 886 788 953 negabunt

82 962 125 1014 lrc
143 963 201 1014 loca
219 966 248 1015 et
266 961 406 1014 scrobibus
425 961 565 1030 superabit
583 965 658 1015 terra
676 963 797 1032 repletis,
899 980 937 1020 aas

80 1039 186 1105 Spissus
205 1056 285 1105 ager3
302 1038 412 1105 glaebas
431 1039 585 1090 cunctantis
605 1055 750 1106 crassaque
768 1044 847 1108 terga

80 1115 222 1182 llxspecta,
242 1119 271 1168 ct
289 1115 385 1167 validis
402 1118 505 1168 terram
525 1115 668 1182 proscinde
686 1115 811 1168 iuvencis.

79 1190 153 1242 Salsa
172 1196 263 1244 anterii
282 1190 364 1244 tellus
382 1195 411 1244 et
429 1207 499 1259 quac
516 1190 678 1259 perhibetur
695 1207 821 1244 amara-

80 1266 216 1333 l'rugibns
234 1267 328 1320 infelix
347 1285 386 1330 ca,
404 1284 453 1320 nec
472 1268 635 1320 mansuescit
653 1267 761 1334 arando,

79 1342 136 1394 Nec
151 1344 256 1396 Baccho
269 1360 362 1410 genus,
377 1347 425 1396 aut
439 1344 527 1411 pomis
541 1360 589 1395 sua
602 1343 710 1396 nomina
723 1348 844 1396 servat-
900 1361 938 1399 aso

78 1418 141 1471 Tale
160 1419 237 1472 dabit
256 1421 411 1487 specimen:
431 1421 471 1471 'lu
489 1420 576 1487 spisso
595 1420 694 1472 vimine
712 1419 814 1486 qualos,

78 1495 197 1562 Colaquc
216 1497 353 1562 prelorum
373 1496 487 1547 fumosis
507 1495 602 1562 deripe
621 1495 715 1558 tectis;

80 1571 140 1623 lluc
159 1588 224 1637 ager
243 1572 287 1623 ille
306 1571 393 1623 rrralus
413 1570 562 1637 dulcesque
581 1587 597 1622 a
616 1569 735 1623 fontibus
752 1571 841 1626 undae

77 1647 123 1698 Ad
142 1648 251 1714 plenum
270 1647 423 1710 calcentur;
442 1662 513 1714 aqua
533 1646 698 1698 eluctabitur
716 1648 803 1700 omnis

77 1722 192 1785 Scilicet,
213 1727 241 1775 et
259 1722 378 1790 grandes
396 1722 475 1775 ibunt
494 1739 543 1790 per
563 1723 664 1774 vimina
682 1726 793 1790 guttae3
897 1739 936 1780 ass

77 1800 117 1852 At
136 1816 213 1867 sapor
232 1799 361 1852 indicium
380 1799 460 1852 faciet
480 1800 647 1864 manifestae,
666 1803 695 1853 et
713 1816 760 1852 ora

76 1875 175 1928 Tristia
193 1879 377 1944 temptantum
396 1893 477 1928 sensu
495 1875 636 1943 torquebit
654 1892 752 1928 arrraro.

76 1951 188 2018 Pinguis
206 1952 273 2005 item
292 1969 361 2019 quae
381 1954 416 2006 sit
435 1953 525 2016 tellus,
545 1952 595 2004 hoc
614 1952 731 2019 denique
749 1955 829 2019 pacto

76 2025 315 2082 inseparatam
334 2046 464 2097 umquam
483 2028 608 2081 manibus
627 2028 729 2080 iactata
747 2028 856 2095 fatiscit,

74 2104 129 2156 Sed
147 2105 214 2171 picis
232 2105 260 2157 iu
279 2121 381 2158 morem
400 2106 435 2158 ad
454 2105 553 2172 digitos
573 2104 698 2158 lentescit
716 2103 848 2158 habende.

75 2179 197 2233 Humida
215 2182 331 2235 maiores
350 2183 449 2235 herbas
467 2183 523 2248 alit,
543 2183 657 2251 ipsaque
675 2181 746 2233 iusto

74 2256 191 2310 Laetior.
230 2258 274 2310 Ah
293 2259 406 2312 nimium
425 2277 460 2313 ne
479 2259 515 2311 sit
533 2258 599 2310 mihi
619 2257 716 2311 fertilis
735 2257 788 2323 illa,

74 2332 134 2384 Neu
152 2350 181 2386 sc
199 2336 384 2402 praevalidam
403 2336 497 2404 primis
516 2335 643 2386 ostendat
661 2333 769 2385 aristis!

74 2409 149 2472 Quae
167 2411 257 2477 gravis
276 2417 327 2474 est,
346 2411 404 2478 ipso
422 2411 533 2462 tacitam
553 2424 582 2459 se
600 2406 721 2474 pondere
739 2405 840 2471 prodit,

73 2484 204 2553 Quaeque
228 2486 304 2538 levis.
344 2486 503 2550 Promptum
527 2486 570 2533 est
593 2481 677 2533 oculis
697 2476 870 2545 praediscere
893 2485 933 2539 ni.

142 2577 228 2626 gram,
895 2575 934 2615 255

72 2636 107 2688 Et
127 2636 187 2702 quis
205 2633 248 2686 cui
266 2633 346 2684 color.
384 2634 424 2685 At
441 2632 604 2685 sceleratum
623 2628 767 2696 exquirere
787 2629 873 2697 frigus

72 2708 186 2765 Difficile
204 2712 263 2761 est:
281 2708 373 2774 piceae
387 2712 494 2760 tantum
513 2707 624 2774 taxique
643 2709 771 2757 nocentes

71 2785 215 2838 Interdum
236 2787 284 2835 aut
301 2782 419 2834 hederae
438 2782 562 2850 pandunt
581 2781 696 2846 vestigia
715 2781 814 2847 nigrae.

106 2862 157 2912 llis
175 2858 377 2923 animadversis,
397 2861 500 2910 terram
519 2858 605 2910 multo
624 2860 688 2909 ante
707 2861 845 2911 memento

72 2937 229 3004 llxcoquore
248 2937 277 2986 et
295 2950 408 3000 magnos
427 2934 568 2987 scrobibus
588 2932 728 2985 concidere
746 2934 854 2998 montis,
891 2951 929 2995 ῃ]

71 3014 144 3066 Ante
163 3013 301 3080 supinatas
321 3010 440 3078 aquiloni
459 3009 605 3064 ostendere
624 3008 740 3077 glaebas,

70 3089 157 3152 Quam
175 3090 277 3142 lactum
295 3087 410 3139 infodias
429 3088 492 3140 vitis
509 3103 602 3153 gorius
640 3084 759 3153 Optuma
775 3085 851 3154 putri

70 3166 145 3217 Arva
163 3165 234 3218 solo:
252 3163 281 3216 id
301 3163 376 3216 venti
393 3166 489 3217 curant
507 3162 668 3230 gelidaeque
686 3164 798 3231 pruinae

70 3241 104 3295 nt
122 3242 255 3295 labefacta
273 3257 383 3295 movens
399 3240 528 3295 robustus
546 3239 641 3306 iugera
657 3240 750 3292 fossor.

70 3319 115 3375 At.
134 3319 156 3372 si
176 3335 245 3386 qnos
263 3318 336 3372 haud
353 3318 409 3372 nlla
427 3318 499 3372 viros
518 3315 657 3384 vigilantia
674 3313 754 3381 fugit,
888 3329 926 3370 aas
