2032 3524
314 111 501 160 AENEIDOS
518 112 586 162 ΜΒ.
606 113 685 161 VIII.
885 111 931 158 243

82 195 181 264 Stirpis
199 194 234 248 ab
253 194 379 260 Ascanio,
396 197 572 263 pugnataque
588 196 617 248 in
636 197 731 251 ordine
748 195 828 250 bella

82 271 204 326 Fecerat
216 275 245 326 et
262 271 344 324 viridi
361 270 446 323 fetam
465 270 597 325 Mavortis
614 272 643 324 in
661 275 740 326 antro
895 283 932 320 (ΒΘ

84 348 262 400 Procubuisse
279 348 385 416 lupam;
403 347 525 414 geminos
542 347 606 401 huic
623 348 709 402 ubera
726 349 827 402 circum

83 423 193 477 Ludere
210 424 356 493 pendentis
374 439 480 491 pucros
500 427 529 476 et
547 423 667 477 lambere
685 428 801 478 matrem

83 501 244 568 Inpavid0s3
262 500 335 552 illam
354 499 438 552 tereti
456 499 562 553 cervice
579 500 709 553 reflexam

81 577 204 630 Mulcere
222 578 349 642 alternos,
369 580 397 628 et
415 592 528 643 corpora
546 577 650 644 lingere
668 577 767 645 lingua.

81 653 107 704 N
109 670 140 705 ec
151 654 244 721 procul
257 653 319 705 hinc
332 652 447 704 Romam
457 655 485 704 et
497 656 590 721 raptas
598 654 656 707 sine
668 671 744 707 more
757 653 871 708 Sabinas
893 667 929 706 atu

81 729 216 782 Consessu
233 745 338 797 caveae,
357 729 462 796 magnis
482 728 655 783 Circensibus
672 731 748 799 actis,

82 804 248 869 Addiderat,
267 805 413 873 subitoque
431 821 530 857 novum
549 822 712 874 consurgere
729 807 832 860 bellum

82 881 235 934 Romulidis
254 882 386 949 Tatioque
405 881 463 933 seni
482 881 655 950 Curibusque
673 884 782 936 severis.

82 956 148 1010 Post
166 956 240 1009 idem
258 958 330 1011 inter
349 957 485 1025 seposito
504 957 652 1009 certamine
669 974 748 1024 reges

81 1033 190 1086 Armati
210 1033 283 1085 Iovis
301 1035 365 1085 ante
383 1048 457 1083 aram
475 1034 639 1099 paterasque
658 1036 783 1085 tenentes
892 1048 928 1085 om

81 1108 198 1161 Stabant
216 1113 246 1161 ct
264 1124 343 1160 caesa
360 1106 511 1172 iungebant
528 1104 641 1159 foedera
657 1124 747 1175 porca.

82 1184 167 1236 Haud
184 1183 277 1250 procul
296 1183 361 1234 inde
379 1182 450 1234 citae
468 1181 589 1234 Mettum
607 1183 635 1235 in
653 1183 761 1236 diversa
778 1183 927 1251 quadrigae

81 1259 316 1311 Distulerant-at
333 1262 365 1311 tu
384 1257 472 1323 dictis,
492 1257 608 1326 Albane,
627 1276 750 1313 maneres
759 1263 799 1314 l-

82 1335 276 1402 Raptabatque
294 1335 344 1387 viri
361 1333 500 1386 mendacis
517 1333 621 1388 viscera
639 1335 732 1388 Tullus

81 1412 135 1462 Per
153 1411 255 1476 silvam,
274 1415 303 1464 et
321 1410 406 1479 sparsi
425 1409 554 1462 rorabant
572 1412 702 1478 sanguine
718 1427 822 1479 vepres.
890 1427 926 1465 64⁵

81 1488 105 1539 N
108 1504 138 1539 cc
157 1504 209 1539 non
229 1486 405 1555 Tarquinium
424 1486 541 1539 eiectum
561 1486 700 1541 Porsenna
717 1487 830 1543 iubebat

81 1563 222 1631 Accipere,
239 1563 399 1631 ingentique
418 1562 513 1616 urbem
531 1561 672 1618 obsidione
689 1565 832 1633 premebat
842 1585 849 1629 ;

81 1638 228 1692 Aeneadae
246 1640 273 1691 in
292 1639 395 1692 serrum
414 1656 463 1708 pro
481 1639 611 1694 libertate
629 1640 753 1695 ruebant.

81 1714 162 1767 Illum
180 1715 332 1782 indignanti
350 1715 474 1782 similem,
493 1716 664 1784 similemque
681 1717 795 1770 minanti

81 1791 360 1859 Aspiceres,ponte1n
379 1792 494 1844 auderet
512 1793 576 1858 quia
593 1793 693 1845 vellere
712 1793 812 1860 Cocles,
889 1807 926 1845 650

80 1868 116 1919 Et
134 1867 244 1918 fluvium
263 1867 357 1919 vinclis
375 1866 484 1919 innaret
503 1867 605 1921 Cloelia
622 1868 719 1935 ruptis

80 1942 113 1994 ln
133 1958 237 1994 summo
255 1947 347 1994 custos
366 1942 496 2009 Tarpeiae
515 1943 633 1996 Manlius
651 1944 720 1995 arcis

80 2017 178 2070 Stabat
195 2034 245 2083 pro
263 2017 365 2083 templo
384 2021 413 2068 et
431 2017 566 2085 Capitolia
584 2018 655 2070 celsa
673 2017 793 2084 tenebat,

81 2093 267 2158 Romuleoque
284 2106 380 2142 recens
398 2091 526 2144 horrebat
544 2093 619 2159 regia
637 2092 734 2145 calme.

82 2171 175 2233 Atque
192 2166 236 2218 hie
253 2166 355 2218 auratis
373 2165 488 2219 volitans
506 2170 749 2233 argenteus·anser
890 2185 927 2223 oss
945 2215 968 2236 „

82 2242 235 2294 Porticibus
254 2240 346 2294 Gallos
363 2241 391 2294 in
409 2241 502 2294 limine
520 2243 616 2295 adesse
634 2241 763 2307 canebat;
957 2237 960 2241 ’

80 2318 151 2371 Galli
169 2334 219 2387 per
237 2317 334 2370 dumos
352 2316 474 2385 aderant,
492 2335 637 2387 arcemque
655 2318 794 2384 tenebant,

81 2395 192 2448 liciensi
210 2393 332 2448 tenebris
350 2397 379 2447 et
398 2394 469 2447 dono
486 2395 574 2448 noctis
593 2411 708 2463 opacae3

83 2473 174 2524 Aurea
191 2470 325 2524 caesaries
344 2470 411 2537 ollis,
429 2473 514 2538 atque
531 2487 615 2525 aurea
632 2472 732 2537 vestim

81 2547 202 2614 Virgatis
218 2546 312 2600 lucent
330 2547 445 2615 sagulis;
464 2550 523 2601 tum
541 2547 629 2602 lactea
647 2547 715 2602 colla
891 2563 928 2601 eoo

82 2627 157 2675 Auro
174 2623 365 2688 innectuntur;
384 2623 438 2676 duo
456 2624 572 2693 quisquc
591 2625 691 2693 Alpina
708 2627 851 2678 coruscant

80 2699 169 2751 (laesa
187 2715 276 2765 manu,
296 2701 379 2752 scutis
397 2701 514 2768 protecti
532 2717 645 2769 corpora
662 2700 757 2767 longis.

81 2775 134 2827 Hic
152 2774 315 2827 exsultantis
334 2776 428 2842 Salios,
446 2777 589 2844 nudosque
609 2778 754 2845 Lupercos,

80 2850 281 2917 Lanigerosque
299 2852 397 2918 apices,
416 2852 538 2920 etlapsa
556 2853 652 2905 ancilia
670 2853 743 2905 eaelo

79 2926 249 2989 Extuderat3
273 2929 364 2978 metae
383 2926 519 2981 ducebant
537 2945 613 2980 sacra
630 2945 681 2995 per
697 2928 794 2980 urbem
892 2945 929 2984 out

80 3001 195 3054 Pilentis
213 3004 316 3053 matres
334 3002 361 3054 in
378 3003 514 3056 mollibus.
552 3004 624 3057 Hinc
641 3004 735 3072 procul
754 3003 832 3056 addit

80 3079 224 3131 Tartareas
242 3077 325 3130 etiam
343 3077 431 3146 sedes,
448 3079 504 3133 alta
521 3081 590 3133 ostia
608 3080 688 3148 Ditis,

80 3153 116 3208 llt
133 3152 267 3208 scelerum
284 3169 393 3222 poenas,
411 3159 441 3209 et
457 3159 495 3214 tc.
513 3155 638 3216 Catilina,
656 3155 754 3209 minaci
