2032 3524
86 116 132 161 ‘262
314 113 341 159 P.
364 112 512 159 VERGILI
538 111 705 159 Mauortis

87 192 227 259 Porrstitit,
244 196 309 245 ante
328 192 420 245 Iovem
440 192 553 260 supplex
570 208 620 259 per
637 195 701 244 rota
717 194 858 259 precatus:

90 269 214 336 iuppiter
232 269 408 336 omnipotens
427 268 575 321 audacibus
592 267 682 320 adnue
700 266 810 333 areptia
898 282 936 322 tre

90 346 151 411 ipse
170 345 221 398 tibi
240 344 276 397 ad
294 350 342 397 tua
360 344 463 412 templa
481 344 568 397 [cram
586 343 725 396 sollemnia
743 343 821 409 dona,

89 422 123 473 Et
142 425 260 474 statuam
280 426 344 474 ante
362 437 423 472 aras
441 424 537 473 aurata
553 420 644 473 fronte
662 421 813 486 iuvencum,

88 498 263 553 (tunlentem.
282 497 440 564 pariterque
458 500 541 564 caput
558 512 619 549 cum
637 501 726 549 matre
743 496 885 561 ferentem,

91 574 146 626 hun
165 590 248 625 cornu
265 576 339 641 petat
360 576 389 624 et
407 571 523 639 pedihus
541 572 588 639 qui
606 575 718 640 spargat
733 588 852 625 arenam.

90 651 185 702 Audiit
205 652 234 701 et
251 649 318 701 caeli
338 649 453 701 Genitor
471 649 506 701 de
524 652 604 715 parte
623 664 719 701 serena
899 662 937 701 oeo

90 725 211 777 intonuit
229 725 335 776 lacrum
344 744 351 785 ;
375 726 454 777 sonat
471 740 526 776 una
542 723 635 777 fatifer
652 740 739 777 arcus,

90 801 190 867 Effugit
208 800 374 852 horrendum
393 799 514 852 stridens
531 799 652 852 adducta
669 800 777 867 sagitta,

89 877 195 944 Perque
213 879 295 943 caput
314 875 421 928 Remuli
440 875 516 928 venit
534 879 563 928 et
580 892 646 928 cara
663 880 788 944 tempora
803 875 878 929 ferro

87 952 205 1004 Traiicit.
243 953 264 1015 l,
284 951 373 1003 verbis
392 951 522 1003 virtutem
541 951 633 1004 inlude
651 952 790 1019 superbis!

90 1028 134 1081 Bis
147 1027 219 1096 capti
234 1028 355 1094 Phryges
368 1027 434 1079 hace
448 1026 556 1079 Rutulis
568 1044 697 1094 responsa
712 1028 866 1082 remittunt
899 1043 937 1083 ωε

89 1106 148 1157 lloc
166 1111 271 1157 tuntum
292 1104 441 1165 Ascanius3
462 1103 558 1156 'i'eucri
575 1103 692 1156 clamore
710 1108 862 1171 sequuntur

88 1181 259 1249 laetitiaque
276 1179 398 1232 fremunt
416 1179 573 1247 animosque
592 1178 627 1231 ad
646 1179 737 1232 sidem
753 1179 861 1234 tollunt

89 1257 221 1310 Aetheria
238 1260 298 1309 tum
316 1256 387 1308 forte
404 1255 485 1323 plaga
502 1255 616 1308 crinitus
635 1255 735 1322 Apollo

89 1333 212 1400 Desuper
231 1333 367 1386 Ausonias
384 1332 457 1384 acies
473 1330 625 1398 urbemque
643 1330 761 1399 videbat,
815 1378 822 1387 .

88 1409 168 1461 Nube
187 1408 292 1474 sedens,
312 1411 395 1475 atque
414 1408 457 1460 his
475 1407 606 1460 victorem
626 1406 738 1461 adfatur
757 1406 863 1462 Iulum:
898 1422 938 1461 otu

88 1485 179 1537 Macte
197 1500 266 1537 nora
283 1484 393 1550 virtute,
413 1500 496 1551 puer;
520 1484 559 1537 sic
576 1484 633 1536 itur
649 1484 686 1536 ad
704 1487 787 1550 astra,

91 1562 137 1612 nis
155 1561 248 1628 genite
268 1563 297 1613 et
312 1559 438 1627 geniture
457 1560 530 1613 deos.
567 1560 632 1613 Iure
650 1560 741 1613 omnia
758 1559 831 1612 bella

88 1640 176 1690 (iente
194 1636 245 1688 sub
265 1635 392 1688 Assaraci
410 1636 467 1688 fato
485 1640 601 1688 ventura
619 1636 755 1699 resident3

89 1714 145 1765 h'ec
164 1717 192 1765 te
211 1712 291 1764 'froia
308 1711 388 1778 capit.
425 1712 510 1763 Simul
528 1712 594 1764 haec
613 1711 710 1765 effatus
727 1710 764 1763 ab
781 1712 839 1763 alto

89 1789 211 1840 Aethere
230 1804 260 1840 se
278 1787 372 1852 mittit,
391 1787 521 1855 spirantis
538 1787 660 1841 dimovet
677 1802 764 1853 auras,
899 1800 939 1841 ut

89 1865 291 1931 Ascaniumque
308 1863 386 1931 petit.
424 1862 552 1915 Formam
569 1867 629 1916 tum
647 1863 766 1917 vertitur
783 1861 840 1915 oris

90 1939 242 2007 Antiquam
260 1939 289 1991 in
307 1939 408 1992 Buten.
445 1939 499 1991 iiic
518 1938 657 1991 Dardanio
676 1938 814 1992 Anchisae

91 2017 219 2082 Armiger
235 2019 300 2068 ante
318 2015 371 2068 fnit
389 2015 515 2082 fidusque
533 2014 569 2067 ad
588 2015 681 2068 limina
699 2018 805 2079 curtem

89 2092 155 2144 Tum
175 2091 300 2144 comitem
323 2090 438 2143 Ascanio
456 2095 535 2158 pater
552 2090 668 2144 addidit.
705 2089 770 2143 ibat
787 2088 890 2159 Apollo

89 2168 187 2220 Omnia
204 2166 333 2234 longaevo
352 2165 454 2230 similis,
474 2177 622 2233 vocemque
639 2165 813 2234 coloremque
898 2178 939 2221 ω)

91 2246 125 2296 lit
143 2242 224 2296 erinis
242 2242 318 2295 albos
335 2245 365 2294 et
382 2257 462 2295 saera
480 2240 621 2294 sonoribus
638 2257 720 2308 arma,

89 2321 183 2386 Atque
201 2318 243 2370 his
260 2317 402 2371 ardentem
421 2316 502 2368 dietis
520 2316 631 2370 adfatur
650 2316 752 2369 Iulum:

89 2395 131 2448 Sit
149 2395 222 2461 satis,
243 2393 358 2458 AeniAe,
375 2393 439 2445 telis
457 2391 559 2461 inpune
576 2392 733 2445 Numanum

89 2471 244 2541 Oppetiisse
263 2470 333 2534 tuis;
355 2470 471 2537 primam
489 2469 558 2523 hane
576 2469 628 2523 tibi
645 2484 760 2536 magnus
778 2466 880 2537 Apollo

91 2547 223 2600 Concedit
240 2545 358 2612 laudem,
377 2550 406 2599 ct
423 2545 534 2613 paribus
551 2562 605 2599 non
622 2545 727 2599 invidet
744 2545 842 2611 armia3
901 2560 942 2601 nt

90 2626 189 2676 Cetera
208 2638 295 2689 paroc,
315 2638 390 2689 puer,
409 2620 488 2675 belle.
524 2621 569 2675 Sic
586 2638 664 2674 orsus
682 2620 782 2690 Apollo

90 2698 215 2751 Mortalis
233 2697 323 2751 medio
341 2702 467 2765 aspectus
485 2714 609 2751 sermone
626 2697 746 2766 reliquit,

91 2776 126 2828 Et
144 2776 238 2844 procul
256 2773 284 2825 in
302 2776 414 2826 tenuem
432 2789 467 2825 ex
485 2773 569 2826 oeulis
587 2774 698 2827 evanuit
714 2788 817 2827 auram.

93 2851 256 2917 Adgnevere
275 2848 357 2902 deum
375 2865 502 2917 proceres
520 2849 667 2917 divinaque
684 2848 742 2903 tela

94 2927 273 2993 Dardanidae,
293 2925 503 2994 pharetramque
520 2926 586 2994 fuga
603 2941 713 2979 sensere
731 2928 884 3001 sonantem.
903 2940 944 2983 ω)

92 3004 165 3069 lirgo
184 3003 293 3056 avidum
312 3018 420 3070 pugnae
438 3001 518 3055 dictis
536 3018 567 3055 ac
584 3000 694 3054 numine
714 2998 819 3054 Phoebi

94 3078 242 3131 Ascanium
260 3077 420 3145 prohibent;
443 3076 495 3145 ipsi
514 3078 543 3129 in
561 3077 712 3131 certamina
728 3092 824 3130 rursus

93 3154 255 3221 Succedunt,
274 3153 431 3220 animasque
447 3152 474 3205 iu
493 3157 589 3221 aperta
605 3151 726 3220 pericula
742 3150 869 3209 mittunt.
