2032 3524
72 116 116 161 lli
307 114 336 161 P.
356 112 510 159 VEItGlLl
530 111 698 160 MARONIS

71 195 198 250 Telorum
216 199 324 251 interea
341 198 430 248 cessat
447 208 541 261 genus.

106 272 279 326 Vestibulum
297 276 362 325 auto
380 270 469 337 ipsum
487 268 630 337 primoque
647 270 676 324 iu
692 269 786 324 limine
806 269 928 339 Pyrrhus

71 347 205 413 Exsultat,
225 350 288 403 telis
306 353 335 402 et
353 348 413 399 luco
431 361 558 398 coniscus
575 361 658 410 aenan
890 360 929 400 sao

71 424 164 486 Qualis
182 425 229 477 ubi
249 425 277 478 in
295 426 381 477 lucem
401 420 512 474 coluber
530 420 602 473 mala
619 422 744 487 gnunbm
760 427 865 490 pastus,

72 500 184 567 Frigida
202 501 252 553 sub
271 506 346 555 tona
364 496 500 551 tumidum
520 512 600 564 quem
620 497 718 550 brunia
736 497 856 565 tegebat,

71 575 156 637 Nunc,
175 578 375 644 lusitanorum
394 573 499 627 exuviis
517 572 675 640 nitidasque
694 574 813 641 iuventa,

71 651 188 705 Iudaica
206 652 340 705 conenit
359 649 466 703 sublato
485 652 596 715 pectore
615 653 694 717 terga

70 728 183 780 Arduus
201 728 236 781 ad
255 729 347 794 uilem,
366 731 395 780 ct
412 726 513 791 linguis
531 724 614 778 micat
632 742 680 778 ore
697 724 824 780 trisidcis.
889 740 926 781 trs

70 804 132 857 L'ua
150 806 246 871 iugens
268 803 400 872 Periphas
419 806 448 855 et
467 818 598 870 equorum
617 803 737 868 agitator
756 801 879 867 Achillis,

71 882 199 947 Arniiger
220 880 402 942 Automedon,
422 895 476 930 uua
494 878 581 930 onniis
600 880 692 947 Scyria
710 877 797 947 pubes

70 956 224 1009 Suoeeduut
242 960 323 1021 tecto,
343 959 372 1009 et
390 954 513 1007 llanuuas
532 954 568 1006 ad
586 956 704 1008 eulmina
722 956 833 1009 iactant.

72 1033 135 1099 lpse
153 1032 225 1085 iuter
243 1033 344 1101 primos
364 1034 490 1098 coneptu
508 1030 578 1082 dura
596 1031 706 1100 bipenni

70 1108 176 1161 Imniua
194 1109 355 1177 perimnpit
375 1107 518 1175 postisque
536 1123 553 1160 a
570 1108 680 1161 cardine
700 1106 776 1160 vellit
887 1123 925 1161 sse

70 1186 203 1248 Aeratos;
222 1185 331 1252 iamque
350 1183 441 1236 eueisa
459 1182 538 1235 trabe
556 1184 635 1236 sinna
652 1184 757 1237 cavavit

71 1260 187 1323 ltebora,
206 1264 235 1312 ct
253 1260 392 1327 ingentem
412 1258 470 1310 lato
490 1258 570 1310 dedit
588 1275 635 1311 ore
653 1261 808 1313 fenestram.

71 1337 196 1403 Adparet
216 1336 313 1387 doums
332 1336 414 1399 iatam,
434 1338 463 1386 et
482 1335 552 1387 atria
570 1335 650 1403 longa
669 1339 829 1403 patescunt;

72 1412 216 1478 Adparent
237 1410 338 1463 Priami
357 1413 385 1462 et
403 1413 527 1462 retortam
546 1412 699 1478 penetralia
717 1429 820 1479 regum,

70 1490 255 1555 Armatasque
273 1486 369 1539 vident
388 1486 486 1539 stantis
505 1486 532 1538 in
550 1488 643 1540 lisuino
663 1489 758 1556 primo.
887 1502 925 1543 sot

106 1565 145 1616 At
163 1563 259 1615 domus
277 1562 391 1615 interior
408 1562 514 1628 gemitu
535 1564 689 1632 miseroque
706 1564 826 1618 tumultu

70 1639 210 1704 Miscetur,
229 1638 393 1706 penitusque
410 1654 492 1691 carae
509 1639 685 1707 plangoribus
703 1640 787 1694 aedes

71 1715 205 1767 Femiueis
224 1714 344 1778 iilulaut;
362 1714 427 1766 ferit
446 1730 529 1766 aurea
547 1715 637 1768 sidera
654 1716 763 1771 clamor.

71 1791 138 1843 Τιιιιι
156 1790 270 1857 pavidae
289 1791 371 1842 tectis
390 1793 493 1843 matres
511 1790 670 1857 ingentibus
689 1795 789 1860 errant,

72 1867 278 1935 Amplexaeque
297 1870 391 1919 teueut
409 1866 494 1933 postu
513 1869 598 1934 atque
617 1866 708 1920 oscula
725 1868 819 1935 figant.
888 1883 926 1922 roe

71 1944 162 1996 Instat
179 1943 205 1995 vi
224 1943 314 2010 patria
333 1942 468 2010 Pyrrhus3
486 1959 536 1994 uec
554 1942 680 2011 claustra,
697 1960 787 2011 neque
804 1944 856 2011 ipsi

71 2019 206 2072 Custodes
225 2020 338 2073 sufferre
356 2019 463 2083 valent;
481 2018 557 2071 labat
574 2019 662 2072 ariete
679 2018 775 2073 erebro

72 2097 165 2157 larun,
183 2100 212 2147 et
230 2096 313 2149 emoti
330 2094 514 2162 procumbunt
532 2095 643 2148 cardine
661 2100 761 2163 postes.

73 2172 117 2225 Fit
136 2173 177 2224 via
195 2172 236 2236 ιιι
253 2175 383 2239 rumpunt
401 2170 500 2238 aditae,
518 2172 675 2238 primosque
692 2170 832 2225 trucidant

73 2248 180 2300 lmnissi
201 2247 296 2313 llairai,
315 2250 345 2299 et
363 2246 418 2300 late
436 2246 495 2299 loca
512 2247 599 2300 milite
617 2247 751 2315 conplent.
889 2262 928 2301 {aa

73 2324 133 2375 A'ou
153 2325 198 2389 sie,
217 2322 363 2389 aggeribus
382 2322 471 2389 ruptis
489 2339 551 2374 cum
571 2339 699 2390 spumeus
717 2322 804 2376 onmis

73 2399 147 2451 llxiit
166 2398 359 2466 oppositasque
378 2397 458 2449 evicit
476 2399 585 2464 gurgite
604 2399 697 2465 moles,

74 2474 174 2526 Fertur
192 2475 219 2525 iu
237 2490 302 2525 ιιιιίι
319 2472 413 2524 furens
432 2473 546 2537 euunde,
565 2490 730 2543 eariiposque
747 2491 797 2542 per
814 2474 905 2527 clunis

74 2552 142 2602 Cum
161 2549 275 2601 staludis
295 2553 422 2602 {inuenta
441 2549 534 2603 trahit.
556 2551 622 2602 vidi
641 2551 699 2619 ipse
717 2551 854 2604 furentem

74 2628 101 2679 U·
97 2627 165 2678 aede
174 2625 263 2693 Neopt
253 2625 382 2677 tolamum
392 2625 569 2693 geminosque
579 2627 606 2678 in
614 2627 757 2679 liininct
716 2630 741 2679 A
745 2626 847 2690 tridua
893 2642 931 2679 stu

75 2702 139 2754 lidi
156 2701 296 2754 lleeubam
310 2703 476 2768 centumque
490 2718 581 2766 inuus,
597 2702 790 2789 Priamumque
802 2718 853 2789 per
867 2718 931 2755 aras

75 2777 145 2844 baug
131 2779 211 2829 euiue
229 2776 393 2841 foedantem,
415 2794 482 2863 quos
501 2778 560 2845 ipse
578 2784 739 2845 simularent,
758 2778 836 2845 ignia

75 2853 260 2921 Qriuquurm
249 2851 333 2905 tillia
351 2851 472 2919 thalami,
491 2869 553 2920 spes
572 2856 651 2905 tauta
668 2859 807 2921 nepotum,

79 2930 222 2982 ltarliarieo
240 2933 332 2996 postes
352 2944 418 2980 auro
436 2894 584 2996 spbliisquc
602 2930 721 2997 sturerbi

79 3005 262 3069 l'roeubuero;
280 3008 376 3057 teuent
394 3004 489 3069 itarital,
509 3021 563 3071 ipra
582 3004 675 3057 deficit
692 3006 770 3071 iguis
893 3020 933 3063 sos

112 3081 236 3133 Forsitan
254 3084 290 3145 et,
309 3080 411 3132 Priami
430 3080 531 3133 fuerint
550 3097 620 3147 quae
638 3082 702 3148 fata,
721 3081 850 3149 requiras

77 3156 158 3211 Urbis
176 3157 216 3210 uti
235 3160 331 3224 capum
349 3173 439 3210 casira
459 3156 638 3222 eoin'olsaque
656 3156 726 3209 vidit
