<?xml version="1.0" encoding="UTF-8"?>
<!DOCTYPE html PUBLIC "-//W3C//DTD XHTML 1.0 Transitional//EN"
    "http://www.w3.org/TR/xhtml1/DTD/xhtml1-transitional.dtd">
<html xmlns="http://www.w3.org/1999/xhtml" xml:lang="en" lang="en">
 <head>
  <title>
</title>
<meta http-equiv="Content-Type" content="text/html;charset=utf-8" />
  <meta name='ocr-system' content='tesseract 3.04.00' />
  <meta name='ocr-capabilities' content='ocr_page ocr_carea ocr_par ocr_line ocrx_word'/>
</head>
<body>
  <div class='ocr_page' id='page_1' title='image "./publivergilimar01virggoog/publivergilimar01virggoog_0277.png"; bbox 0 0 2032 3524; ppageno 0'>
   <div class='ocr_carea' id='block_1_1' title="bbox 75 127 701 179">
    <p class='ocr_par' dir='ltr' id='par_1_1' title="bbox 75 127 701 179">
     <span class='ocr_line' id='line_1_1' title="bbox 75 127 701 179; baseline 0.003 -4"><span class='ocrx_word' id='word_1_1' title='bbox 75 129 120 175; x_wconf 73' lang='lat'>268</span> <span class='ocrx_word' id='word_1_2' title='bbox 309 130 338 179; x_wconf 89' lang='grc' dir='ltr'>Ρ.</span> <span class='ocrx_word' id='word_1_3' title='bbox 356 127 510 176; x_wconf 82' lang='lat' dir='ltr'><strong>VERGILI</strong></span> <span class='ocrx_word' id='word_1_4' title='bbox 529 128 701 177; x_wconf 72' lang='lat' dir='ltr'>MARONIS&#39;</span> 
     </span>
    </p>
   </div>
   <div class='ocr_carea' id='block_1_2' title="bbox 71 206 925 3230">
    <p class='ocr_par' dir='ltr' id='par_1_2' title="bbox 74 206 815 276">
     <span class='ocr_line' id='line_1_2' title="bbox 74 206 815 276; baseline 0.008 -19"><span class='ocrx_word' id='word_1_5' title='bbox 74 206 198 273; x_wconf 76' lang='lat' dir='ltr'>Tydides.</span> <span class='ocrx_word' id='word_1_6' title='bbox 237 207 372 276; x_wconf 83' lang='lat' dir='ltr'>Equidem</span> <span class='ocrx_word' id='word_1_7' title='bbox 390 207 480 271; x_wconf 87' lang='lat' dir='ltr'>eredo,</span> <span class='ocrx_word' id='word_1_8' title='bbox 499 223 560 259; x_wconf 86' lang='lat' dir='ltr'>mea</span> <span class='ocrx_word' id='word_1_9' title='bbox 577 207 687 262; x_wconf 77' lang='lat' dir='ltr'>volnera</span> <span class='ocrx_word' id='word_1_10' title='bbox 704 209 815 267; x_wconf 80' lang='lat' dir='ltr'>restant.</span> 
     </span>
    </p>

    <p class='ocr_par' dir='ltr' id='par_1_3' title="bbox 76 282 925 427">
     <span class='ocr_line' id='line_1_3' title="bbox 76 282 925 351; baseline 0.001 -18"><span class='ocrx_word' id='word_1_11' title='bbox 76 283 111 334; x_wconf 73' lang='lat' dir='ltr'>lit</span> <span class='ocrx_word' id='word_1_12' title='bbox 130 288 178 335; x_wconf 91' lang='lat' dir='ltr'>tna</span> <span class='ocrx_word' id='word_1_13' title='bbox 196 284 341 351; x_wconf 79' lang='lat' dir='ltr'>progenies</span> <span class='ocrx_word' id='word_1_14' title='bbox 359 283 485 336; x_wconf 88' lang='lat' dir='ltr'>mortalia</span> <span class='ocrx_word' id='word_1_15' title='bbox 503 282 629 335; x_wconf 86' lang='lat' dir='ltr'>demoror</span> <span class='ocrx_word' id='word_1_16' title='bbox 648 289 739 338; x_wconf 81' lang='lat' dir='ltr'>arnis!</span> <span class='ocrx_word' id='word_1_17' title='bbox 899 295 925 334; x_wconf 83' lang='lat' dir='ltr'>se</span> 
     </span>
     <span class='ocr_line' id='line_1_4' title="bbox 76 358 770 427; baseline 0.009 -20"><span class='ocrx_word' id='word_1_18' title='bbox 76 359 103 409; x_wconf 77' lang='lat' dir='ltr'>si</span> <span class='ocrx_word' id='word_1_19' title='bbox 123 359 181 411; x_wconf 86' lang='lat' dir='ltr'>sino</span> <span class='ocrx_word' id='word_1_20' title='bbox 199 377 265 426; x_wconf 83' lang='lat' dir='ltr'>paee</span> <span class='ocrx_word' id='word_1_21' title='bbox 284 364 332 413; x_wconf 92' lang='lat' dir='ltr'>tna</span> <span class='ocrx_word' id='word_1_22' title='bbox 350 364 433 427; x_wconf 86' lang='lat' dir='ltr'>atque</span> <span class='ocrx_word' id='word_1_23' title='bbox 452 358 538 411; x_wconf 78' lang='lat' dir='ltr'>invite</span> <span class='ocrx_word' id='word_1_24' title='bbox 556 360 667 413; x_wconf 93' lang='lat' dir='ltr'>numine</span> <span class='ocrx_word' id='word_1_25' title='bbox 686 362 770 414; x_wconf 82' lang='lat' dir='ltr'>Troes</span> 
     </span>
    </p>

    <p class='ocr_par' dir='ltr' id='par_1_4' title="bbox 77 434 745 503">
     <span class='ocr_line' id='line_1_5' title="bbox 77 434 745 503; baseline 0.004 -18"><span class='ocrx_word' id='word_1_26' title='bbox 77 434 184 486; x_wconf 76' lang='lat' dir='ltr'>ltaltun</span> <span class='ocrx_word' id='word_1_27' title='bbox 203 436 325 502; x_wconf 84' lang='lat' dir='ltr'>potiore:</span> <span class='ocrx_word' id='word_1_28' title='bbox 345 436 423 487; x_wconf 89' lang='lat' dir='ltr'>luant</span> <span class='ocrx_word' id='word_1_29' title='bbox 441 440 559 503; x_wconf 75' lang='lat' dir='ltr'>peeetta,</span> <span class='ocrx_word' id='word_1_30' title='bbox 578 452 666 503; x_wconf 90' lang='lat' dir='ltr'>neque</span> <span class='ocrx_word' id='word_1_31' title='bbox 684 436 745 488; x_wconf 93' lang='lat' dir='ltr'>illos</span> 
     </span>
    </p>

    <p class='ocr_par' dir='ltr' id='par_1_5' title="bbox 76 510 696 578">
     <span class='ocr_line' id='line_1_6' title="bbox 76 510 696 578; baseline 0.008 -19"><span class='ocrx_word' id='word_1_32' title='bbox 76 510 181 562; x_wconf 71' lang='lat' dir='ltr'>luseris</span> <span class='ocrx_word' id='word_1_33' title='bbox 200 513 314 563; x_wconf 88' lang='lat' dir='ltr'>anxilio:</span> <span class='ocrx_word' id='word_1_34' title='bbox 336 512 377 563; x_wconf 86' lang='lat' dir='ltr'>sin</span> <span class='ocrx_word' id='word_1_35' title='bbox 395 514 438 563; x_wconf 88' lang='lat' dir='ltr'>tot</span> <span class='ocrx_word' id='word_1_36' title='bbox 455 527 584 578; x_wconf 88' lang='lat' dir='ltr'>responsa</span> <span class='ocrx_word' id='word_1_37' title='bbox 603 512 696 578; x_wconf 84' lang='lat' dir='ltr'>secuti,</span> 
     </span>
    </p>

    <p class='ocr_par' dir='ltr' id='par_1_6' title="bbox 75 586 922 806">
     <span class='ocr_line' id='line_1_7' title="bbox 75 586 920 655; baseline 0 -19"><span class='ocrx_word' id='word_1_38' title='bbox 75 586 150 647; x_wconf 66' lang='lat' dir='ltr'>(lurae</span> <span class='ocrx_word' id='word_1_39' title='bbox 163 588 260 654; x_wconf 73' lang='lat' dir='ltr'>Superi</span> <span class='ocrx_word' id='word_1_40' title='bbox 273 588 424 653; x_wconf 79' lang='lat' dir='ltr'>Manesque</span> <span class='ocrx_word' id='word_1_41' title='bbox 436 586 539 639; x_wconf 90' lang='lat' dir='ltr'>dabant</span> <span class='ocrx_word' id='word_1_42' title='bbox 551 606 556 639; x_wconf 93' lang='lat'>:</span> <span class='ocrx_word' id='word_1_43' title='bbox 570 603 617 639; x_wconf 92' lang='lat' dir='ltr'>eur</span> <span class='ocrx_word' id='word_1_44' title='bbox 634 604 704 640; x_wconf 92' lang='lat' dir='ltr'>nune</span> <span class='ocrx_word' id='word_1_45' title='bbox 717 592 765 640; x_wconf 89' lang='lat' dir='ltr'>tua</span> <span class='ocrx_word' id='word_1_46' title='bbox 777 586 920 655; x_wconf 87' lang='lat' dir='ltr'>quisquam</span> 
     </span>
     <span class='ocr_line' id='line_1_8' title="bbox 76 661 922 731; baseline 0.004 -21"><span class='ocrx_word' id='word_1_47' title='bbox 76 661 193 714; x_wconf 73' lang='lat' dir='ltr'>Vertere</span> <span class='ocrx_word' id='word_1_48' title='bbox 212 664 285 715; x_wconf 85' lang='lat' dir='ltr'>iussa</span> <span class='ocrx_word' id='word_1_49' title='bbox 303 666 414 731; x_wconf 90' lang='lat' dir='ltr'>potestl</span> <span class='ocrx_word' id='word_1_50' title='bbox 432 665 480 715; x_wconf 90' lang='lat' dir='ltr'>ant</span> <span class='ocrx_word' id='word_1_51' title='bbox 498 678 546 714; x_wconf 89' lang='lat' dir='ltr'>cur</span> <span class='ocrx_word' id='word_1_52' title='bbox 564 679 633 715; x_wconf 83' lang='lat' dir='ltr'>nora</span> <span class='ocrx_word' id='word_1_53' title='bbox 651 663 767 716; x_wconf 90' lang='lat' dir='ltr'>condere</span> <span class='ocrx_word' id='word_1_54' title='bbox 784 662 862 714; x_wconf 85' lang='lat' dir='ltr'>fatal</span> <span class='ocrx_word' id='word_1_55' title='bbox 897 675 922 713; x_wconf 79' lang='lat' dir='ltr'>so</span> 
     </span>
     <span class='ocr_line' id='line_1_9' title="bbox 75 736 827 806; baseline 0.005 -19"><span class='ocrx_word' id='word_1_56' title='bbox 75 737 146 799; x_wconf 78' lang='lat' dir='ltr'>Quid</span> <span class='ocrx_word' id='word_1_57' title='bbox 165 742 288 806; x_wconf 88' lang='lat' dir='ltr'>repetam</span> <span class='ocrx_word' id='word_1_58' title='bbox 308 742 419 791; x_wconf 85' lang='lat' dir='ltr'>exustas</span> <span class='ocrx_word' id='word_1_59' title='bbox 438 737 552 805; x_wconf 78' lang='lat' dir='ltr'>Erycino</span> <span class='ocrx_word' id='word_1_60' title='bbox 570 738 597 790; x_wconf 92' lang='lat' dir='ltr'>in</span> <span class='ocrx_word' id='word_1_61' title='bbox 616 738 696 792; x_wconf 87' lang='lat' dir='ltr'>litore</span> <span class='ocrx_word' id='word_1_62' title='bbox 714 736 827 791; x_wconf 79' lang='lat' dir='ltr'>elassisl</span> 
     </span>
    </p>

    <p class='ocr_par' dir='ltr' id='par_1_7' title="bbox 75 812 783 881">
     <span class='ocr_line' id='line_1_10' title="bbox 75 812 783 881; baseline 0.006 -20"><span class='ocrx_word' id='word_1_63' title='bbox 75 812 147 874; x_wconf 83' lang='lat' dir='ltr'><strong>Quid</strong></span> <span class='ocrx_word' id='word_1_64' title='bbox 167 816 363 880; x_wconf 79' lang='lat' dir='ltr'><strong>tempestatum</strong></span> <span class='ocrx_word' id='word_1_65' title='bbox 382 830 482 879; x_wconf 81' lang='lat' dir='ltr'>rogem,</span> <span class='ocrx_word' id='word_1_66' title='bbox 501 818 650 881; x_wconf 77' lang='lat' dir='ltr'>ventosque</span> <span class='ocrx_word' id='word_1_67' title='bbox 668 813 783 866; x_wconf 88' lang='lat' dir='ltr'>furentis</span> 
     </span>
    </p>

    <p class='ocr_par' dir='ltr' id='par_1_8' title="bbox 76 887 728 943">
     <span class='ocr_line' id='line_1_11' title="bbox 76 887 728 943; baseline 0.009 -6"><span class='ocrx_word' id='word_1_68' title='bbox 76 887 172 940; x_wconf 88' lang='lat' dir='ltr'>Aeolia</span> <span class='ocrx_word' id='word_1_69' title='bbox 191 889 312 942; x_wconf 78' lang='lat' dir='ltr'>excitos?</span> <span class='ocrx_word' id='word_1_70' title='bbox 331 893 379 941; x_wconf 67' lang='lat' dir='ltr'>aaut</span> <span class='ocrx_word' id='word_1_71' title='bbox 397 892 484 941; x_wconf 68' lang='lat' dir='ltr'>aetram</span> <span class='ocrx_word' id='word_1_72' title='bbox 504 888 621 941; x_wconf 88' lang='lat' dir='ltr'>nubibus</span> <span class='ocrx_word' id='word_1_73' title='bbox 641 890 728 943; x_wconf 81' lang='lat' dir='ltr'>lriml</span> 
     </span>
    </p>

    <p class='ocr_par' dir='ltr' id='par_1_9' title="bbox 74 962 793 1032">
     <span class='ocr_line' id='line_1_12' title="bbox 74 962 793 1032; baseline 0.004 -18"><span class='ocrx_word' id='word_1_74' title='bbox 74 962 152 1016; x_wconf 72' lang='lat' dir='ltr'>Nilne</span> <span class='ocrx_word' id='word_1_75' title='bbox 171 963 255 1017; x_wconf 91' lang='lat' dir='ltr'>etiam</span> <span class='ocrx_word' id='word_1_76' title='bbox 274 963 467 1017; x_wconf 76' lang='lat' dir='ltr'>Alanis—haee</span> <span class='ocrx_word' id='word_1_77' title='bbox 484 964 648 1032; x_wconf 84' lang='lat' dir='ltr'>intemptata</span> <span class='ocrx_word' id='word_1_78' title='bbox 666 963 793 1017; x_wconf 82' lang='lat' dir='ltr'>manebat</span> 
     </span>
    </p>

    <p class='ocr_par' dir='ltr' id='par_1_10' title="bbox 74 1040 921 1183">
     <span class='ocr_line' id='line_1_13' title="bbox 74 1040 921 1107; baseline 0 -17"><span class='ocrx_word' id='word_1_79' title='bbox 74 1040 137 1090; x_wconf 74' lang='lat' dir='ltr'>Sors</span> <span class='ocrx_word' id='word_1_80' title='bbox 156 1043 382 1105; x_wconf 79' lang='lat' dir='ltr'>rorum-movet,</span> <span class='ocrx_word' id='word_1_81' title='bbox 402 1044 430 1093; x_wconf 90' lang='lat' dir='ltr'>et</span> <span class='ocrx_word' id='word_1_82' title='bbox 448 1040 553 1107; x_wconf 88' lang='lat' dir='ltr'>superis</span> <span class='ocrx_word' id='word_1_83' title='bbox 572 1041 683 1092; x_wconf 90' lang='lat' dir='ltr'>inmissa</span> <span class='ocrx_word' id='word_1_84' title='bbox 701 1042 815 1107; x_wconf 89' lang='lat' dir='ltr'>repente</span> <span class='ocrx_word' id='word_1_85' title='bbox 896 1052 921 1090; x_wconf 78' lang='lat' dir='ltr'>se</span> 
     </span>
     <span class='ocr_line' id='line_1_14' title="bbox 75 1114 756 1183; baseline 0.006 -19"><span class='ocrx_word' id='word_1_86' title='bbox 75 1114 189 1181; x_wconf 77' lang='lat' dir='ltr'>Allecto,</span> <span class='ocrx_word' id='word_1_87' title='bbox 208 1117 313 1169; x_wconf 90' lang='lat' dir='ltr'>medias</span> <span class='ocrx_word' id='word_1_88' title='bbox 332 1116 432 1169; x_wconf 92' lang='lat' dir='ltr'>Italum</span> <span class='ocrx_word' id='word_1_89' title='bbox 452 1115 583 1169; x_wconf 82' lang='lat' dir='ltr'>bacchata</span> <span class='ocrx_word' id='word_1_90' title='bbox 600 1132 649 1183; x_wconf 86' lang='lat' dir='ltr'>por</span> <span class='ocrx_word' id='word_1_91' title='bbox 667 1115 756 1168; x_wconf 90' lang='lat' dir='ltr'>urbes.</span> 
     </span>
    </p>

    <p class='ocr_par' dir='ltr' id='par_1_11' title="bbox 74 1190 751 1260">
     <span class='ocr_line' id='line_1_15' title="bbox 74 1190 751 1260; baseline 0.001 -19"><span class='ocrx_word' id='word_1_92' title='bbox 74 1190 97 1241; x_wconf 80' lang='lat' dir='ltr'>N</span> <span class='ocrx_word' id='word_1_93' title='bbox 102 1190 119 1242; x_wconf 97' lang='lat' dir='ltr'>il</span> <span class='ocrx_word' id='word_1_94' title='bbox 139 1208 220 1258; x_wconf 88' lang='lat' dir='ltr'>super</span> <span class='ocrx_word' id='word_1_95' title='bbox 238 1192 342 1260; x_wconf 89' lang='lat' dir='ltr'>inperio</span> <span class='ocrx_word' id='word_1_96' title='bbox 360 1208 487 1254; x_wconf 81' lang='lat' dir='ltr'>nieveor;</span> <span class='ocrx_word' id='word_1_97' title='bbox 505 1192 672 1258; x_wconf 80' lang='lat' dir='ltr'>speravimus</span> <span class='ocrx_word' id='word_1_98' title='bbox 690 1191 751 1257; x_wconf 87' lang='lat' dir='ltr'>ista,</span> 
     </span>
    </p>

    <p class='ocr_par' dir='ltr' id='par_1_12' title="bbox 74 1264 815 1334">
     <span class='ocr_line' id='line_1_16' title="bbox 74 1264 815 1334; baseline 0.005 -19"><span class='ocrx_word' id='word_1_99' title='bbox 74 1264 144 1318; x_wconf 77' lang='lat' dir='ltr'>llum</span> <span class='ocrx_word' id='word_1_100' title='bbox 164 1267 273 1320; x_wconf 83' lang='lat' dir='ltr'>fortuna</span> <span class='ocrx_word' id='word_1_101' title='bbox 291 1267 361 1331; x_wconf 80' lang='lat' dir='ltr'>fnit3</span> <span class='ocrx_word' id='word_1_102' title='bbox 378 1266 494 1332; x_wconf 80' lang='lat' dir='ltr'>vincant,</span> <span class='ocrx_word' id='word_1_103' title='bbox 513 1283 580 1334; x_wconf 89' lang='lat' dir='ltr'>quos</span> <span class='ocrx_word' id='word_1_104' title='bbox 598 1267 705 1319; x_wconf 84' lang='lat' dir='ltr'>vincere</span> <span class='ocrx_word' id='word_1_105' title='bbox 723 1266 815 1319; x_wconf 85' lang='lat' dir='ltr'>mavis</span> 
     </span>
    </p>

    <p class='ocr_par' dir='ltr' id='par_1_13' title="bbox 73 1341 923 1714">
     <span class='ocr_line' id='line_1_17' title="bbox 73 1341 852 1410; baseline 0.005 -19"><span class='ocrx_word' id='word_1_106' title='bbox 73 1341 101 1391; x_wconf 74' lang='lat' dir='ltr'>Si</span> <span class='ocrx_word' id='word_1_107' title='bbox 120 1342 194 1394; x_wconf 90' lang='lat' dir='ltr'>nulla</span> <span class='ocrx_word' id='word_1_108' title='bbox 212 1347 255 1395; x_wconf 89' lang='lat' dir='ltr'>est</span> <span class='ocrx_word' id='word_1_109' title='bbox 273 1343 356 1410; x_wconf 84' lang='lat' dir='ltr'>regio,</span> <span class='ocrx_word' id='word_1_110' title='bbox 376 1341 485 1394; x_wconf 82' lang='lat' dir='ltr'>Teneris</span> <span class='ocrx_word' id='word_1_111' title='bbox 504 1358 586 1409; x_wconf 90' lang='lat' dir='ltr'>quam</span> <span class='ocrx_word' id='word_1_112' title='bbox 605 1341 653 1395; x_wconf 92' lang='lat' dir='ltr'>det</span> <span class='ocrx_word' id='word_1_113' title='bbox 670 1344 719 1395; x_wconf 83' lang='lat' dir='ltr'>tua</span> <span class='ocrx_word' id='word_1_114' title='bbox 735 1341 852 1395; x_wconf 84' lang='lat' dir='ltr'>coniunx</span> 
     </span>
     <span class='ocr_line' id='line_1_18' title="bbox 74 1415 923 1485; baseline 0.005 -18"><span class='ocrx_word' id='word_1_115' title='bbox 74 1415 155 1481; x_wconf 82' lang='lat' dir='ltr'>bura,</span> <span class='ocrx_word' id='word_1_116' title='bbox 174 1435 224 1485; x_wconf 86' lang='lat' dir='ltr'>per</span> <span class='ocrx_word' id='word_1_117' title='bbox 242 1435 359 1485; x_wconf 81' lang='lat' dir='ltr'>eversae,</span> <span class='ocrx_word' id='word_1_118' title='bbox 378 1417 493 1484; x_wconf 84' lang='lat' dir='ltr'>genitor,</span> <span class='ocrx_word' id='word_1_119' title='bbox 511 1418 644 1471; x_wconf 77' lang='lat' dir='ltr'>fumantia</span> <span class='ocrx_word' id='word_1_120' title='bbox 662 1417 758 1471; x_wconf 82' lang='lat' dir='ltr'><strong>Troiae</strong></span> <span class='ocrx_word' id='word_1_121' title='bbox 896 1430 923 1471; x_wconf 77' lang='lat' dir='ltr'>ss</span> 
     </span>
     <span class='ocr_line' id='line_1_19' title="bbox 73 1493 771 1548; baseline 0.004 -4"><span class='ocrx_word' id='word_1_122' title='bbox 73 1493 201 1545; x_wconf 80' lang='lat' dir='ltr'>llxseidia</span> <span class='ocrx_word' id='word_1_123' title='bbox 220 1494 360 1548; x_wconf 83' lang='lat' dir='ltr'>obtestor:</span> <span class='ocrx_word' id='word_1_124' title='bbox 379 1494 459 1547; x_wconf 89' lang='lat' dir='ltr'>liceat</span> <span class='ocrx_word' id='word_1_125' title='bbox 478 1494 617 1548; x_wconf 70' lang='lat' dir='ltr'><strong>dimittere</strong></span> <span class='ocrx_word' id='word_1_126' title='bbox 635 1494 670 1547; x_wconf 89' lang='lat' dir='ltr'>ab</span> <span class='ocrx_word' id='word_1_127' title='bbox 689 1494 771 1547; x_wconf 89' lang='lat' dir='ltr'>armis</span> 
     </span>
     <span class='ocr_line' id='line_1_20' title="bbox 73 1569 826 1638; baseline 0.003 -18"><span class='ocrx_word' id='word_1_128' title='bbox 73 1569 238 1622; x_wconf 90' lang='lat' dir='ltr'>lneolumem</span> <span class='ocrx_word' id='word_1_129' title='bbox 258 1571 414 1637; x_wconf 70' lang='lat' dir='ltr'>Ast-anima,</span> <span class='ocrx_word' id='word_1_130' title='bbox 432 1570 513 1623; x_wconf 85' lang='lat' dir='ltr'>liceat</span> <span class='ocrx_word' id='word_1_131' title='bbox 530 1586 673 1638; x_wconf 77' lang='lat' dir='ltr'>superesse</span> <span class='ocrx_word' id='word_1_132' title='bbox 691 1573 826 1638; x_wconf 79' lang='lat' dir='ltr'>nepotem.</span> 
     </span>
     <span class='ocr_line' id='line_1_21' title="bbox 73 1646 673 1714; baseline 0.003 -17"><span class='ocrx_word' id='word_1_133' title='bbox 73 1648 182 1698; x_wconf 86' lang='lat' dir='ltr'>Aeneas</span> <span class='ocrx_word' id='word_1_134' title='bbox 201 1662 264 1699; x_wconf 91' lang='lat' dir='ltr'>sano</span> <span class='ocrx_word' id='word_1_135' title='bbox 283 1646 384 1713; x_wconf 79' lang='lat' dir='ltr'>ignotis</span> <span class='ocrx_word' id='word_1_136' title='bbox 401 1647 520 1699; x_wconf 85' lang='lat' dir='ltr'>iactetur</span> <span class='ocrx_word' id='word_1_137' title='bbox 538 1647 565 1698; x_wconf 96' lang='lat' dir='ltr'>in</span> <span class='ocrx_word' id='word_1_138' title='bbox 584 1646 673 1714; x_wconf 87' lang='lat' dir='ltr'>undis,</span> 
     </span>
    </p>

    <p class='ocr_par' dir='ltr' id='par_1_14' title="bbox 72 1720 923 2016">
     <span class='ocr_line' id='line_1_22' title="bbox 73 1720 855 1790; baseline 0.005 -18"><span class='ocrx_word' id='word_1_139' title='bbox 73 1720 115 1787; x_wconf 87' lang='lat' dir='ltr'>Et,</span> <span class='ocrx_word' id='word_1_140' title='bbox 135 1738 322 1789; x_wconf 73' lang='lat' dir='ltr'>quaecumque</span> <span class='ocrx_word' id='word_1_141' title='bbox 339 1722 410 1774; x_wconf 79' lang='lat' dir='ltr'>viam</span> <span class='ocrx_word' id='word_1_142' title='bbox 429 1722 538 1775; x_wconf 75' lang='lat' dir='ltr'>dederit</span> <span class='ocrx_word' id='word_1_143' title='bbox 557 1722 686 1789; x_wconf 86' lang='lat' dir='ltr'>Fortuna,</span> <span class='ocrx_word' id='word_1_144' title='bbox 706 1723 855 1790; x_wconf 87' lang='lat' dir='ltr'>sequatur:</span> 
     </span>
     <span class='ocr_line' id='line_1_23' title="bbox 73 1796 923 1865; baseline 0.004 -17"><span class='ocrx_word' id='word_1_145' title='bbox 73 1796 155 1849; x_wconf 89' lang='lat' dir='ltr'>Hunc</span> <span class='ocrx_word' id='word_1_146' title='bbox 173 1799 268 1864; x_wconf 83' lang='lat' dir='ltr'>tegere</span> <span class='ocrx_word' id='word_1_147' title='bbox 287 1802 315 1850; x_wconf 93' lang='lat' dir='ltr'>et</span> <span class='ocrx_word' id='word_1_148' title='bbox 334 1797 410 1850; x_wconf 90' lang='lat' dir='ltr'>dirae</span> <span class='ocrx_word' id='word_1_149' title='bbox 428 1798 533 1850; x_wconf 79' lang='lat' dir='ltr'>ualeam</span> <span class='ocrx_word' id='word_1_150' title='bbox 552 1798 705 1850; x_wconf 87' lang='lat' dir='ltr'>subducere</span> <span class='ocrx_word' id='word_1_151' title='bbox 723 1813 838 1865; x_wconf 79' lang='lat' dir='ltr'>pugnae.</span> <span class='ocrx_word' id='word_1_152' title='bbox 896 1814 923 1851; x_wconf 81' lang='lat' dir='ltr'>ee</span> 
     </span>
     <span class='ocr_line' id='line_1_24' title="bbox 72 1872 897 1942; baseline 0.004 -18"><span class='ocrx_word' id='word_1_153' title='bbox 72 1872 122 1925; x_wconf 89' lang='lat' dir='ltr'>Est</span> <span class='ocrx_word' id='word_1_154' title='bbox 142 1873 285 1937; x_wconf 86' lang='lat' dir='ltr'>Amatlms,</span> <span class='ocrx_word' id='word_1_155' title='bbox 305 1878 347 1927; x_wconf 89' lang='lat' dir='ltr'>est</span> <span class='ocrx_word' id='word_1_156' title='bbox 365 1874 436 1926; x_wconf 84' lang='lat' dir='ltr'>celsa</span> <span class='ocrx_word' id='word_1_157' title='bbox 454 1874 520 1926; x_wconf 93' lang='lat' dir='ltr'>mihi</span> <span class='ocrx_word' id='word_1_158' title='bbox 540 1874 649 1942; x_wconf 79' lang='lat' dir='ltr'>Paphus</span> <span class='ocrx_word' id='word_1_159' title='bbox 666 1877 750 1941; x_wconf 87' lang='lat' dir='ltr'>atque</span> <span class='ocrx_word' id='word_1_160' title='bbox 769 1872 897 1942; x_wconf 70' lang='lat' dir='ltr'>Cythera,</span> 
     </span>
     <span class='ocr_line' id='line_1_25' title="bbox 73 1948 728 2016; baseline 0 -15"><span class='ocrx_word' id='word_1_161' title='bbox 73 1948 232 2016; x_wconf 80' lang='lat' dir='ltr'>Idaliaeque</span> <span class='ocrx_word' id='word_1_162' title='bbox 251 1950 363 2002; x_wconf 89' lang='lat' dir='ltr'>demus:</span> <span class='ocrx_word' id='word_1_163' title='bbox 382 1949 479 2016; x_wconf 90' lang='lat' dir='ltr'>positis</span> <span class='ocrx_word' id='word_1_164' title='bbox 496 1949 627 2016; x_wconf 79' lang='lat' dir='ltr'>inglorius</span> <span class='ocrx_word' id='word_1_165' title='bbox 645 1949 728 2002; x_wconf 90' lang='lat' dir='ltr'>armis</span> 
     </span>
    </p>

    <p class='ocr_par' dir='ltr' id='par_1_15' title="bbox 72 2023 732 2092">
     <span class='ocr_line' id='line_1_26' title="bbox 72 2023 732 2092; baseline 0.003 -17"><span class='ocrx_word' id='word_1_166' title='bbox 72 2023 173 2092; x_wconf 79' lang='lat' dir='ltr'>Erigat</span> <span class='ocrx_word' id='word_1_167' title='bbox 191 2025 234 2078; x_wconf 91' lang='lat' dir='ltr'>hie</span> <span class='ocrx_word' id='word_1_168' title='bbox 252 2042 356 2078; x_wconf 86' lang='lat' dir='ltr'>aevum.</span> <span class='ocrx_word' id='word_1_169' title='bbox 395 2025 497 2092; x_wconf 84' lang='lat' dir='ltr'>Magna</span> <span class='ocrx_word' id='word_1_170' title='bbox 515 2025 620 2078; x_wconf 90' lang='lat' dir='ltr'>dicione</span> <span class='ocrx_word' id='word_1_171' title='bbox 638 2025 732 2077; x_wconf 90' lang='lat' dir='ltr'>iubete</span> 
     </span>
    </p>

    <p class='ocr_par' dir='ltr' id='par_1_16' title="bbox 72 2098 913 2320">
     <span class='ocr_line' id='line_1_27' title="bbox 73 2098 829 2169; baseline 0.003 -18"><span class='ocrx_word' id='word_1_172' title='bbox 73 2099 216 2168; x_wconf 79' lang='lat' dir='ltr'>Karthago</span> <span class='ocrx_word' id='word_1_173' title='bbox 235 2104 342 2169; x_wconf 86' lang='lat' dir='ltr'>premat</span> <span class='ocrx_word' id='word_1_174' title='bbox 362 2101 529 2166; x_wconf 89' lang='lat' dir='ltr'>Ausoniam;</span> <span class='ocrx_word' id='word_1_175' title='bbox 547 2101 614 2153; x_wconf 88' lang='lat' dir='ltr'>nihil</span> <span class='ocrx_word' id='word_1_176' title='bbox 632 2100 745 2154; x_wconf 83' lang='lat' dir='ltr'>urbibus</span> <span class='ocrx_word' id='word_1_177' title='bbox 762 2098 829 2153; x_wconf 86' lang='lat' dir='ltr'>inde</span> 
     </span>
     <span class='ocr_line' id='line_1_28' title="bbox 72 2175 913 2246; baseline 0.002 -17"><span class='ocrx_word' id='word_1_178' title='bbox 72 2178 201 2231; x_wconf 83' lang='lat' dir='ltr'>Obstabit</span> <span class='ocrx_word' id='word_1_179' title='bbox 220 2177 313 2246; x_wconf 89' lang='lat' dir='ltr'>Tyriis.</span> <span class='ocrx_word' id='word_1_180' title='bbox 351 2176 424 2241; x_wconf 81' lang='lat' dir='ltr'>Quid</span> <span class='ocrx_word' id='word_1_181' title='bbox 440 2181 547 2244; x_wconf 87' lang='lat' dir='ltr'>pestem</span> <span class='ocrx_word' id='word_1_182' title='bbox 566 2176 683 2229; x_wconf 79' lang='lat' dir='ltr'>evadere</span> <span class='ocrx_word' id='word_1_183' title='bbox 700 2175 766 2228; x_wconf 90' lang='lat' dir='ltr'>belli</span> <span class='ocrx_word' id='word_1_184' title='bbox 898 2190 913 2231; x_wconf 77' lang='lat' dir='ltr'>e</span> 
     </span>
     <span class='ocr_line' id='line_1_29' title="bbox 74 2251 775 2320; baseline -0.004 -15"><span class='ocrx_word' id='word_1_185' title='bbox 74 2254 147 2306; x_wconf 79' lang='lat' dir='ltr'>lusit</span> <span class='ocrx_word' id='word_1_186' title='bbox 165 2257 194 2307; x_wconf 90' lang='lat' dir='ltr'>et</span> <span class='ocrx_word' id='word_1_187' title='bbox 214 2254 355 2320; x_wconf 79' lang='lat' dir='ltr'>Argolicos</span> <span class='ocrx_word' id='word_1_188' title='bbox 373 2252 493 2305; x_wconf 91' lang='lat' dir='ltr'>medium</span> <span class='ocrx_word' id='word_1_189' title='bbox 511 2252 613 2320; x_wconf 82' lang='lat' dir='ltr'>fugisse</span> <span class='ocrx_word' id='word_1_190' title='bbox 630 2269 680 2320; x_wconf 85' lang='lat' dir='ltr'>per</span> <span class='ocrx_word' id='word_1_191' title='bbox 697 2251 775 2318; x_wconf 80' lang='lat' dir='ltr'>ignis,</span> 
     </span>
    </p>

    <p class='ocr_par' dir='ltr' id='par_1_17' title="bbox 72 2326 909 2547">
     <span class='ocr_line' id='line_1_30' title="bbox 72 2326 852 2396; baseline 0 -15"><span class='ocrx_word' id='word_1_192' title='bbox 72 2330 177 2396; x_wconf 82' lang='lat' dir='ltr'>&#39;l&#39;otque</span> <span class='ocrx_word' id='word_1_193' title='bbox 195 2329 278 2381; x_wconf 87' lang='lat' dir='ltr'>maris</span> <span class='ocrx_word' id='word_1_194' title='bbox 296 2334 444 2396; x_wconf 87' lang='lat' dir='ltr'>vastaeque</span> <span class='ocrx_word' id='word_1_195' title='bbox 463 2328 596 2381; x_wconf 80' lang='lat' dir='ltr'>exhausta</span> <span class='ocrx_word' id='word_1_196' title='bbox 613 2326 734 2396; x_wconf 88' lang='lat' dir='ltr'>pericula</span> <span class='ocrx_word' id='word_1_197' title='bbox 751 2330 852 2394; x_wconf 78' lang='lat' dir='ltr'>terrae,</span> 
     </span>
     <span class='ocr_line' id='line_1_31' title="bbox 72 2403 909 2472; baseline 0.002 -16"><span class='ocrx_word' id='word_1_198' title='bbox 72 2405 144 2457; x_wconf 88' lang='lat' dir='ltr'>Dum</span> <span class='ocrx_word' id='word_1_199' title='bbox 163 2405 272 2457; x_wconf 87' lang='lat' dir='ltr'>Latium</span> <span class='ocrx_word' id='word_1_200' title='bbox 292 2404 387 2457; x_wconf 84' lang='lat' dir='ltr'>Teucri</span> <span class='ocrx_word' id='word_1_201' title='bbox 405 2403 581 2472; x_wconf 85' lang='lat' dir='ltr'>recidivaque</span> <span class='ocrx_word' id='word_1_202' title='bbox 601 2404 734 2470; x_wconf 85' lang='lat' dir='ltr'>Pergama</span> <span class='ocrx_word' id='word_1_203' title='bbox 752 2404 909 2471; x_wconf 74' lang='lat' dir='ltr'>quaerenti</span> 
     </span>
     <span class='ocr_line' id='line_1_32' title="bbox 72 2479 799 2547; baseline -0.001 -15"><span class='ocrx_word' id='word_1_204' title='bbox 72 2480 132 2532; x_wconf 90' lang='lat' dir='ltr'>Non</span> <span class='ocrx_word' id='word_1_205' title='bbox 151 2481 244 2546; x_wconf 78' lang='lat' dir='ltr'>satine,</span> <span class='ocrx_word' id='word_1_206' title='bbox 262 2480 367 2532; x_wconf 91' lang='lat' dir='ltr'>eineres</span> <span class='ocrx_word' id='word_1_207' title='bbox 385 2479 489 2547; x_wconf 80' lang='lat' dir='ltr'>patriae</span> <span class='ocrx_word' id='word_1_208' title='bbox 508 2479 639 2532; x_wconf 89' lang='lat' dir='ltr'>insedisse</span> <span class='ocrx_word' id='word_1_209' title='bbox 658 2494 799 2546; x_wconf 90' lang='lat' dir='ltr'>supremos</span> 
     </span>
    </p>

    <p class='ocr_par' dir='ltr' id='par_1_18' title="bbox 72 2554 922 2700">
     <span class='ocr_line' id='line_1_33' title="bbox 72 2554 922 2623; baseline 0.001 -15"><span class='ocrx_word' id='word_1_210' title='bbox 72 2558 166 2623; x_wconf 82' lang='lat' dir='ltr'>Atque</span> <span class='ocrx_word' id='word_1_211' title='bbox 180 2556 274 2622; x_wconf 83' lang='lat' dir='ltr'>solnm,</span> <span class='ocrx_word' id='word_1_212' title='bbox 289 2572 342 2622; x_wconf 90' lang='lat' dir='ltr'>quo</span> <span class='ocrx_word' id='word_1_213' title='bbox 355 2555 435 2607; x_wconf 82' lang='lat' dir='ltr'>Troia</span> <span class='ocrx_word' id='word_1_214' title='bbox 446 2554 499 2607; x_wconf 88' lang='lat' dir='ltr'>suit</span> <span class='ocrx_word' id='word_1_215' title='bbox 510 2557 518 2608; x_wconf 91' lang='lat' dir='ltr'>l</span> <span class='ocrx_word' id='word_1_216' title='bbox 531 2554 672 2608; x_wconf 88' lang='lat' dir='ltr'>Xanthum</span> <span class='ocrx_word' id='word_1_217' title='bbox 685 2559 714 2607; x_wconf 89' lang='lat' dir='ltr'>et</span> <span class='ocrx_word' id='word_1_218' title='bbox 729 2554 871 2609; x_wconf 78' lang='lat' dir='ltr'>Simoenta</span> <span class='ocrx_word' id='word_1_219' title='bbox 894 2570 922 2609; x_wconf 73' lang='grc' dir='ltr'><strong><em>ω</em></strong></span> 
     </span>
     <span class='ocr_line' id='line_1_34' title="bbox 72 2631 808 2700; baseline 0.001 -18"><span class='ocrx_word' id='word_1_220' title='bbox 72 2632 177 2700; x_wconf 76' lang='lat' dir='ltr'>lledde,</span> <span class='ocrx_word' id='word_1_221' title='bbox 195 2648 250 2698; x_wconf 84' lang='lat' dir='ltr'>oro,</span> <span class='ocrx_word' id='word_1_222' title='bbox 269 2631 382 2697; x_wconf 87' lang='lat' dir='ltr'>miseris,</span> <span class='ocrx_word' id='word_1_223' title='bbox 400 2632 555 2698; x_wconf 85' lang='lat' dir='ltr'>iterumque</span> <span class='ocrx_word' id='word_1_224' title='bbox 573 2631 712 2684; x_wconf 79' lang='lat' dir='ltr'>revolvere</span> <span class='ocrx_word' id='word_1_225' title='bbox 728 2646 808 2683; x_wconf 83' lang='lat' dir='ltr'>casus</span> 
     </span>
    </p>

    <p class='ocr_par' dir='ltr' id='par_1_19' title="bbox 71 2706 767 2775">
     <span class='ocr_line' id='line_1_35' title="bbox 71 2706 767 2775; baseline 0 -16"><span class='ocrx_word' id='word_1_226' title='bbox 71 2708 120 2774; x_wconf 88' lang='lat' dir='ltr'>Da,</span> <span class='ocrx_word' id='word_1_227' title='bbox 138 2711 229 2775; x_wconf 69' lang='lat' dir='ltr'>pater,v</span> <span class='ocrx_word' id='word_1_228' title='bbox 245 2706 342 2759; x_wconf 88' lang='lat' dir='ltr'>lliaoes</span> <span class='ocrx_word' id='word_1_229' title='bbox 360 2707 478 2759; x_wconf 85' lang='lat' dir='ltr'>Teneris.</span> <span class='ocrx_word' id='word_1_230' title='bbox 516 2707 584 2759; x_wconf 84' lang='lat' dir='ltr'>Tum</span> <span class='ocrx_word' id='word_1_231' title='bbox 602 2723 679 2774; x_wconf 82' lang='lat' dir='ltr'>regia</span> <span class='ocrx_word' id='word_1_232' title='bbox 697 2707 767 2759; x_wconf 87' lang='lat' dir='ltr'>Iuno</span> 
     </span>
    </p>

    <p class='ocr_par' dir='ltr' id='par_1_20' title="bbox 71 2781 922 3154">
     <span class='ocr_line' id='line_1_36' title="bbox 72 2781 808 2849; baseline 0 -14"><span class='ocrx_word' id='word_1_233' title='bbox 72 2786 143 2836; x_wconf 91' lang='lat' dir='ltr'>Aeta</span> <span class='ocrx_word' id='word_1_234' title='bbox 160 2783 253 2836; x_wconf 86' lang='lat' dir='ltr'>furore</span> <span class='ocrx_word' id='word_1_235' title='bbox 270 2782 363 2849; x_wconf 82' lang='lat' dir='ltr'>gravi:</span> <span class='ocrx_word' id='word_1_236' title='bbox 382 2782 454 2846; x_wconf 84' lang='lat' dir='ltr'>Quid</span> <span class='ocrx_word' id='word_1_237' title='bbox 472 2799 517 2835; x_wconf 91' lang='lat' dir='ltr'>me</span> <span class='ocrx_word' id='word_1_238' title='bbox 534 2783 590 2835; x_wconf 90' lang='lat' dir='ltr'>alta</span> <span class='ocrx_word' id='word_1_239' title='bbox 608 2782 716 2835; x_wconf 90' lang='lat' dir='ltr'>silentia</span> <span class='ocrx_word' id='word_1_240' title='bbox 733 2781 808 2849; x_wconf 78' lang='lat' dir='ltr'>eogis</span> 
     </span>
     <span class='ocr_line' id='line_1_37' title="bbox 71 2857 813 2927; baseline 0.003 -17"><span class='ocrx_word' id='word_1_241' title='bbox 71 2857 210 2927; x_wconf 84' lang='lat' dir='ltr'>Rumpere</span> <span class='ocrx_word' id='word_1_242' title='bbox 228 2862 257 2911; x_wconf 93' lang='lat' dir='ltr'>et</span> <span class='ocrx_word' id='word_1_243' title='bbox 275 2857 424 2911; x_wconf 85' lang='lat' dir='ltr'>obductum</span> <span class='ocrx_word' id='word_1_244' title='bbox 441 2857 532 2911; x_wconf 83' lang='lat' dir='ltr'>verbis</span> <span class='ocrx_word' id='word_1_245' title='bbox 547 2857 656 2924; x_wconf 84' lang='lat' dir='ltr'>volgare</span> <span class='ocrx_word' id='word_1_246' title='bbox 674 2857 813 2912; x_wconf 86' lang='lat' dir='ltr'>doloreml</span> 
     </span>
     <span class='ocr_line' id='line_1_38' title="bbox 73 2932 922 3002; baseline 0.004 -16"><span class='ocrx_word' id='word_1_247' title='bbox 73 2936 183 2987; x_wconf 85' lang='lat' dir='ltr'>Aenean</span> <span class='ocrx_word' id='word_1_248' title='bbox 201 2934 340 2987; x_wconf 90' lang='lat' dir='ltr'>hominum</span> <span class='ocrx_word' id='word_1_249' title='bbox 359 2934 500 3002; x_wconf 87' lang='lat' dir='ltr'>quisquam</span> <span class='ocrx_word' id='word_1_250' title='bbox 521 2934 666 3000; x_wconf 80' lang='lat' dir='ltr'>divomque</span> <span class='ocrx_word' id='word_1_251' title='bbox 684 2932 794 3001; x_wconf 87' lang='lat' dir='ltr'>subegit</span> <span class='ocrx_word' id='word_1_252' title='bbox 895 2946 922 2989; x_wconf 70' lang='lat' dir='ltr'>st</span> 
     </span>
     <span class='ocr_line' id='line_1_39' title="bbox 73 3008 827 3078; baseline 0.003 -17"><span class='ocrx_word' id='word_1_253' title='bbox 73 3010 148 3062; x_wconf 88' lang='lat' dir='ltr'>Bella</span> <span class='ocrx_word' id='word_1_254' title='bbox 166 3011 250 3078; x_wconf 89' lang='lat' dir='ltr'>sequi,</span> <span class='ocrx_word' id='word_1_255' title='bbox 270 3014 319 3063; x_wconf 91' lang='lat' dir='ltr'>aut</span> <span class='ocrx_word' id='word_1_256' title='bbox 337 3010 443 3062; x_wconf 91' lang='lat' dir='ltr'>hostem</span> <span class='ocrx_word' id='word_1_257' title='bbox 462 3010 521 3077; x_wconf 84' lang='lat' dir='ltr'>regi</span> <span class='ocrx_word' id='word_1_258' title='bbox 540 3027 569 3062; x_wconf 89' lang='lat' dir='ltr'>se</span> <span class='ocrx_word' id='word_1_259' title='bbox 586 3009 688 3062; x_wconf 89' lang='lat' dir='ltr'>inferro</span> <span class='ocrx_word' id='word_1_260' title='bbox 707 3008 827 3063; x_wconf 84' lang='lat' dir='ltr'>Latinel</span> 
     </span>
     <span class='ocr_line' id='line_1_40' title="bbox 73 3085 648 3154; baseline 0 -16"><span class='ocrx_word' id='word_1_261' title='bbox 73 3087 179 3138; x_wconf 88' lang='lat' dir='ltr'>ltaliam</span> <span class='ocrx_word' id='word_1_262' title='bbox 199 3086 280 3154; x_wconf 87' lang='lat' dir='ltr'>potiit</span> <span class='ocrx_word' id='word_1_263' title='bbox 297 3086 362 3139; x_wconf 87' lang='lat' dir='ltr'>fatis</span> <span class='ocrx_word' id='word_1_264' title='bbox 381 3085 556 3149; x_wconf 85' lang='lat' dir='ltr'>aueter·ibus;</span> <span class='ocrx_word' id='word_1_265' title='bbox 574 3089 648 3150; x_wconf 89' lang='lat' dir='ltr'>esto:</span> 
     </span>
    </p>

    <p class='ocr_par' dir='ltr' id='par_1_21' title="bbox 72 3160 824 3230">
     <span class='ocr_line' id='line_1_41' title="bbox 72 3160 824 3230; baseline 0.003 -17"><span class='ocrx_word' id='word_1_266' title='bbox 72 3161 241 3216; x_wconf 78' lang='lat' dir='ltr'>Cassandrae</span> <span class='ocrx_word' id='word_1_267' title='bbox 258 3162 381 3230; x_wconf 90' lang='lat' dir='ltr'>inpulsus</span> <span class='ocrx_word' id='word_1_268' title='bbox 398 3161 491 3213; x_wconf 87' lang='lat' dir='ltr'>furiis:</span> <span class='ocrx_word' id='word_1_269' title='bbox 508 3178 573 3213; x_wconf 92' lang='lat' dir='ltr'>num</span> <span class='ocrx_word' id='word_1_270' title='bbox 591 3160 716 3229; x_wconf 87' lang='lat' dir='ltr'>linquere</span> <span class='ocrx_word' id='word_1_271' title='bbox 733 3163 824 3215; x_wconf 72' lang='lat' dir='ltr'>aaa</span> 
     </span>
    </p>
   </div>
   <div class='ocr_carea' id='block_1_3' title="bbox 0 0 1020 3524">
    <p class='ocr_par' dir='ltr' id='par_1_22' title="bbox 0 0 1020 3524">
     <span class='ocr_line' id='line_1_42' title="bbox 0 0 1020 3524; baseline 0 0"><span class='ocrx_word' id='word_1_272' title='bbox 0 0 1020 3524; x_wconf 95' lang='lat' dir='ltr'> </span> 
     </span>
    </p>
   </div>
  </div>
 </body>
</html>
