2032 3524
339 109 522 157 aunnroos
539 109 608 159 ara.
627 106 680 157 nr.
711 73 712 76 ¹
878 110 923 159 ras

80 193 163 247 Haud
180 193 281 260 inpune
300 189 426 259 quidem;
443 207 493 242 nec
509 190 576 243 talia
593 207 689 258 passus
707 191 810 260 Ulixes,

79 270 221 322 Oblitusve
238 269 281 320 sui
299 271 341 320 est
361 267 471 319 Ithacus
490 267 644 319 discrimine
664 271 747 323 tanto.

78 346 150 399 Nam
170 345 248 397 simul
267 345 392 412 expletus
411 344 526 412 dapibus
543 344 662 412 vinoque
678 345 802 410 sepultus
894 360 932 400 eso

79 423 219 476 Ocrvieem
237 422 364 473 inflexam
382 421 478 489 posuit,
496 421 634 488 iacuitque
650 438 701 490 per
717 426 827 475 antrum

80 499 230 565 Inmensus,
249 498 352 550 saniem
369 502 496 549 eructans
513 500 542 549 et
560 496 647 550 frusta
663 492 778 550 cruento

80 575 134 627 Por
150 592 274 627 somnum
291 574 439 627 commixta
456 589 539 640 mero,
557 589 614 640 nos,
632 591 730 641 magna
747 574 851 642 precati

79 651 197 703 Numina
214 651 359 718 sortitique
376 651 455 717 vices,
473 665 528 702 una
545 650 665 718 undique
683 650 784 704 circum

80 727 237 794 Pundimur,
258 730 286 780 et
304 726 359 779 telo
377 726 468 778 lumen
486 725 658 778 terebramus
675 731 764 794 acuto,
894 732 928 770 ⁰³*

81 803 188 870 Ingens,
209 803 283 872 quod
300 806 379 855 torva
396 803 483 854 solum
500 801 553 854 sub
572 802 662 856 fronte
680 802 792 870 latebat,

83 879 202 946 Argolici
219 879 298 947 clipei
316 883 364 932 aut
385 879 526 931 Phoebeae
544 879 678 947 lampadis
696 880 789 945 instar,

80 955 117 1007 llt
135 956 248 1008 tandem
266 955 330 1008 laeti
349 955 483 1007 sociorum
500 954 657 1006 ulciscimur
678 955 794 1007 umbras.

79 1031 135 1083 Sed
152 1031 246 1098 fugite,
263 1047 281 1082 o
299 1031 398 1095 macri,
416 1030 511 1096 fugite,
524 1024 613 1096 'atque
630 1029 666 1081 ab
683 1029 765 1082 litore
782 1031 875 1083 funem

81 1107 222 1176 llunrpite.
897 1122 933 1161 ese

80 1184 152 1234 Nam
169 1183 257 1250 qualis
275 1186 448 1250 quantusque
465 1199 531 1234 cavo
552 1183 733 1251 Polyphemus
750 1183 778 1235 in
796 1187 875 1238 antro

84 1259 228 1325 lanigeras
247 1258 351 1310 claudit
369 1259 488 1325 pecudes
505 1263 590 1325 atque
608 1259 694 1312 ubera
711 1263 837 1328 pressat,-

80 1336 199 1387 Centum
217 1334 263 1386 alii
280 1351 363 1387 curva
381 1334 448 1388 hace
465 1334 591 1388 habitant
608 1336 644 1389 ad
662 1335 743 1388 litora
761 1337 839 1405 volgo

82 1410 190 1463 Infandi
210 1411 339 1479 Cyclopes
356 1415 387 1464 et
402 1412 467 1465 altis
485 1412 623 1465 montibus
642 1416 742 1465 errant.
787 1449 790 1455 -

79 1487 171 1540 'lertio
189 1487 243 1540 iam
262 1487 355 1541 Lunae
373 1505 402 1541 sc
420 1505 520 1542 cornua
538 1489 640 1542 lumine
657 1489 792 1556 conplent,
896 1503 933 1543 ere

80 1564 150 1615 Oum
168 1563 251 1617 vitam
270 1564 298 1617 in
316 1565 389 1617 silvis
407 1565 479 1618 inter
496 1565 607 1618 deserta
625 1566 743 1618 ferarum

81 1639 180 1693 Lustra
197 1640 347 1709 domosque
365 1641 453 1709 trahe,
471 1647 618 1710 vastosque
636 1642 672 1694 ab
690 1659 758 1710 rupe
777 1643 907 1710 Cyclopas

81 1716 225 1784 Prospici0,
243 1720 418 1785 sonitumque
436 1719 537 1787 pedum
557 1735 704 1786 vocemque
722 1725 863 1773 tremesco·

81 1791 190 1845 Victum
208 1793 349 1860 infelicem,
369 1794 449 1848 bacas
467 1795 646 1863 lapidosaque
666 1811 755 1861 cerna,

80 1867 154 1920 Dant
172 1870 247 1937 rami,
264 1874 295 1922 et
313 1870 394 1922 volsis
413 1875 528 1939 pascunt
547 1870 683 1923 radicibus
702 1870 810 1924 herbae.
897 1883 935 1921 ose

79 1943 178 1996 Omnia
195 1944 371 2009 conlustrans,
391 1945 459 1998 hanc
477 1947 596 2013 primum
614 1945 650 1997 ad
667 1946 750 1998 litora
767 1946 881 1999 classem

80 2019 217 2086 Conspexi
235 2021 395 2073 venientem.
434 2021 506 2072 Huic
523 2039 575 2087 me,
595 2037 781 2087 quaecumque
799 2021 905 2090 fuisset,

82 2093 202 2146 Addixi:
221 2095 287 2147 satis
305 2099 348 2146 est
366 2100 477 2161 gentem
495 2097 621 2162 effugisse
639 2096 790 2165 nefandam.

82 2169 138 2221 Vos
156 2170 273 2222 animam
290 2170 359 2223 hanc
377 2173 467 2238 potius
486 2188 658 2239 quecumque
677 2170 814 2224 absumite
832 2171 895 2226 leto.

117 2245 172 2297 Vix
190 2262 222 2298 ea
239 2246 312 2299 fatus
330 2251 397 2314 erat,
417 2264 521 2300 summo
539 2264 600 2300 cum
619 2251 712 2300 monte
730 2246 854 2300 videmus
899 2262 936 2302 oss

82 2322 95 2373 I
98 2339 177 2390 psum
195 2322 267 2376 inter
284 2323 404 2391 pecudes
422 2327 500 2377 vasta
519 2341 547 2377 se
565 2324 637 2376 molo
655 2327 810 2376 moventem

84 2398 224 2450 Pastorem
243 2400 438 2468 Polyphemum
457 2405 486 2454 et
504 2400 586 2453 litora
604 2405 669 2454 nota
687 2404 836 2469 petentem,

83 2473 235 2527 Monstrum
244 2475 418 2543 horrendum,
428 2477 551 2544 informe,
558 2477 661 2544 ingens,
667 2477 710 2529 cui
721 2477 813 2530 lumen
824 2481 935 2545 ademp-

82 2551 187 2603 'Prunca
204 2569 286 2604 manu
303 2553 382 2621 pinus
401 2554 472 2620 regit
491 2556 519 2606 et
538 2555 652 2621 vestigia
670 2553 777 2617 firmat;
856 2553 934 2620 [tum.

83 2627 231 2693 lanigerae
248 2631 414 2682 comitantur
432 2646 509 2694 oscs;
527 2647 560 2682 ea
578 2631 635 2683 sola
652 2630 777 2698 voluptas
898 2642 935 2681 mo

82 2702 265 2771 Solamcnque
282 2705 354 2758 mali.

85 2778 230 2845 Postquam
248 2780 318 2832 altos
335 2782 429 2848 tetigit
447 2782 545 2835 fluctus
564 2781 648 2835 etad
666 2797 785 2850 aequora
802 2781 885 2848 venit,

82 2854 203 2907 Luminis
222 2856 312 2908 effossi
330 2857 445 2909 fluidum
463 2858 528 2910 lavit
547 2858 611 2911 inde
629 2874 763 2924 cruorem,

84 2930 216 2984 Dentibus
235 2932 393 2985 infrendens
411 2934 522 3002 gemitu,
539 2935 727 3003 graditurque·
740 2950 790 3003 per
808 2949 912 3001 aequor

84 3007 141 3058 lam
158 3008 286 3073 medinm,
305 3009 421 3061 necdum
441 3009 538 3062 fluctus
556 3012 643 3064 latera
660 3010 747 3064 ardua
764 3010 853 3064 tinxit
900 3023 936 3063 effi

83 3082 105 3132 N
109 3088 139 3134 ds
156 3085 249 3150 procul
268 3085 331 3137 inde
350 3086 441 3152 fugam
460 3087 559 3152 trepidi
578 3088 704 3157 celerare,
722 3088 833 3156 recepto

82 3159 207 3225 Supplice
226 3162 264 3214 sic
281 3163 385 3227 merite,
403 3162 535 3231 tacitique
552 3165 672 3220 incidere
689 3165 797 3231 funem;

174 3241 181 3283 l
189 3241 203 3285 2
