2032 3524
88 126 135 172 ’222
312 122 341 169 P.
361 119 514 169 VERGILI
531 120 697 171 MARONIS

89 204 192 257 Arvina
209 200 309 270 pingui,
327 200 513 269 subiguntque
531 201 559 253 in
575 205 638 255 coto
655 218 778 268 securem

88 280 225 347 Signaque
242 278 315 331 lcrre
331 277 415 344 iuvat,
434 277 591 346 sonitusque
608 277 705 333 audire
722 277 860 335 tuburum.

89 356 213 422 Quinque
231 354 303 408 adeo
319 369 432 420 magnae
450 353 546 422 positis
564 354 706 410 incudibus
722 354 806 409 nrbes

88 431 153 484 Tela
171 434 279 495 novarit,
298 430 384 482 Atina
401 432 499 498 potens
519 429 658 497 Tiburque
676 430 832 499 superbum,
903 444 942 484 mo

90 508 184 561 Ardea
203 506 429 574 Crusmmcriquo
448 510 477 561 et
488 506 646 573 turrigerae
665 509 826 560 Antemnae

88 584 219 651 'l'egrniua
237 587 300 636 tuta
318 586 415 635 caverit
433 582 560 650 capitum,
579 582 746 651 flectuntque
763 581 882 651 salignas

88 660 244 712 Umbonum
262 658 358 721 crutis,
376 658 421 710 ulii
439 658 565 711 thoracas
583 674 664 711 aenos

89 737 147 789 Aut
166 736 231 789 levis
249 750 342 788 ocreas
359 734 433 787 lento
453 732 555 787 ducunt
574 738 700 801 argentm

90 812 214 864 vomeris
231 810 284 863 hue
302 814 331 863 et
348 805 535 876 falcis'honos,
552 810 605 862 huc
622 810 708 862 omnis
725 808 810 863 aratri
904 822 942 863 aaa

88 887 178 940 Cessit
196 903 285 950 amor;
303 888 455 954 recoquunt
474 886 577 953 patrios
594 883 746 938 fornacibus
763 899 851 939 enses.

88 962 207 1015 Classica
222 962 333 1030 iaiirquc
352 965 463 1025 sonant,
480 961 503 1015 it
522 961 593 1014 bollo
610 965 715 1014 tessera
733 960 847 1027 signum.

88 1038 143 1091 llic
160 1039 266 1105 galcam
284 1037 366 1099 tectis
384 1037 509 1106 trepidus
526 1038 612 1106 rapit;
629 1036 676 1089 illc
693 1036 835 1089 frementis

89 1114 134 1166 Ad
152 1116 215 1181 iuga
233 1114 306 1180 cogit
324 1130 424 1182 equos;
441 1113 611 1181 clipeumque
629 1127 750 1180 auroque
767 1111 884 1165 trilicem

88 1188 211 1243 Loricam
228 1190 359 1255 induitur,
376 1189 488 1257 fidoque
508 1190 658 1256 accingitur
675 1204 747 1242 ense.
902 1201 942 1243 tto

123 1264 241 1318 Pandite
259 1282 329 1317 nunc
351 1265 489 1329 Helicona,
508 1264 584 1332 deae,
602 1267 753 1332 cantusque
770 1264 886 1331 movete,

89 1340 140 1403 Qui
158 1341 229 1393 bello
247 1340 330 1393 exciti
348 1357 434 1407 reges,
454 1357 524 1407 quae
542 1356 677 1408 quemque
695 1343 805 1394 secutae

89 1416 248 1483 Conplerint
265 1432 374 1483 eanipos
392 1418 470 1483 acies,
489 1415 588 1484 quihus
607 1416 679 1469 Itala
696 1416 750 1469 ium
768 1419 828 1469 tum

89 1491 226 1545 Florucrit
243 1495 319 1544 terra
337 1491 409 1544 ahnn
426 1492 499 1558 viris,
518 1491 617 1560 quibus
634 1493 733 1546 urserit
749 1492 847 1557 armis;

88 1567 124 1620 Et
142 1568 302 1620 meministis
320 1568 399 1632 enirn,
418 1567 504 1633 diuae,
522 1571 551 1621 et
568 1584 719 1622 memorare
736 1568 868 1637 petestis;
903 1582 943 1623 ele

89 1643 136 1695 Ad
154 1661 202 1696 nos
220 1644 264 1696 vix
282 1643 372 1696 tcnuis
390 1644 478 1696 laniae
496 1643 647 1711 perlabitur·
665 1660 738 1698 aura.

124 1719 230 1771 Primus
248 1719 300 1771 init
317 1718 420 1772 bellum
440 1719 585 1785 Tyrrhenis
603 1735 682 1787 asper
699 1719 736 1772 ab
751 1719 806 1772 oris
949 1786 952 1791 .

88 1795 266 1862 Gontcrnptor
284 1794 374 1848 divom
393 1795 546 1848 Mezentius
564 1796 725 1862 agmninaque
742 1797 840 1851 armat.

32 1892 37 1899 ·
88 1870 172 1923 Filius
190 1870 252 1924 huie
269 1870 346 1923 iuxta
366 1870 479 1936 Lausus,
498 1887 552 1938 quo
570 1870 707 1938 pulchrior
723 1871 794 1925 alter

89 1946 114 1998 N
116 1963 150 1999 on
168 1947 227 2013 luit,
247 1950 360 2015 excepto
380 1946 524 1999 Laurentis
542 1963 655 2015 corpore
674 1946 765 2000 'Purn'u
908 1962 948 2003 me

89 2022 201 2089 Lausus,
219 2039 320 2090 equum
339 2022 458 2076 domitor
476 2021 684 2090 debellatorque
701 2023 829 2091 ferarum,

89 2098 171 2151 Ducit
191 2098 317 2167 Agyllina
334 2099 499 2167 nequiquam
518 2114 552 2151 ex
569 2098 638 2151 urbe
655 2102 763 2153 secutos

89 2173 164 2227 Mille
182 2175 260 2239 viros,
278 2175 385 2242 dignus,
403 2174 500 2242 patriis
519 2174 567 2242 qui
584 2173 682 2228 laetior
699 2177 773 2229 esset

89 2249 213 2318 Inperiis,
231 2254 260 2305 et
277 2252 321 2304 cui
337 2254 417 2320 pater
435 2250 508 2304 haud
526 2250 678 2304 Mezentius
695 2252 776 2304 esset

124 2328 189 2380 Post
207 2327 256 2379 hos
273 2327 405 2394 insignem
424 2327 514 2395 palma
530 2343 581 2394 per
596 2326 721 2393 gramina
737 2341 850 2379 currum
908 2342 946 2385 (se

89 2401 269 2468 Victoresque
287 2406 409 2455 ostentat
428 2419 512 2469 equos
531 2405 606 2454 satus
625 2400 745 2454 Hercule
761 2400 880 2469 pulchro

89 2477 206 2530 Pulcher
225 2478 386 2544 Aventinus,
404 2477 544 2545 clipeoque
562 2477 667 2545 insigne
684 2480 831 2545 paternum

90 2554 205 2606 Centum
222 2554 317 2620 anguis
334 2553 505 2621 cinctamque
521 2554 594 2620 gerit
610 2553 784 2622 serpentibus
800 2552 946 2623 Hydram,

89 2628 170 2681 Collis
190 2628 319 2682 Aventini
338 2629 404 2681 silva
423 2646 505 2696 quem
524 2630 602 2683 lthca
620 2629 747 2683 sacerdos

89 2703 232 2758 Furtivum
249 2707 330 2772 partu
348 2703 398 2756 sub
416 2704 526 2757 luminis
545 2706 632 2759 edidit
650 2721 719 2773 orus,
908 2722 947 2761 m

89 2779 178 2832 Mixto
195 2779 248 2833 deo
265 2780 370 2847 mulier,
388 2784 533 2848 postquam
553 2780 700 2834 Laurentia
716 2778 806 2834 vietor

89 2856 212 2924 Geryone
230 2856 363 2910 exstincto
382 2856 537 2923 Tirynthius
555 2857 648 2924 attigIt
666 2871 738 2922 arva,

89 2931 279 3000 Tyrrhenoque
297 2932 380 2985 boves
397 2933 425 2984 in
443 2932 554 2984 flumine
571 2932 639 2986 lavit
658 2932 785 2985 Hiberus.

89 3006 148 3059 Pila
166 3024 246 3060 runnu
263 3023 411 3074 saevosque
428 3013 528 3074 gerunt
546 3007 573 3060 in
591 3008 662 3061 bella
680 3007 800 3075 dolones,

88 3079 126 3134 Iit
144 3083 227 3136 tereti
244 3087 366 3151 pugnant
384 3098 511 3136 mucrone
529 3099 649 3151 veruque
666 3082 783 3138 Sabello.
881 3126 886 3139 .
907 3100 948 3145 u

89 3154 154 3223 Ipse
170 3157 262 3224 pedes,
280 3161 409 3225 tegumen
426 3161 557 3227 torquens
573 3159 681 3214 inmane
697 3158 793 3227 leonis,
