2032 3524
75 136 89 175 κ
308 126 337 176 Ρ.
356 125 510 174 VERGILI
528 123 694 173 MARONIS

75 210 212 273 Quantum
230 212 305 265 lenta
322 208 410 263 solent
427 207 499 260 inter
516 205 630 278 viburna
647 210 777 277 cupressi.

75 285 118 341 Μ.
138 288 175 341 Et
193 305 263 357 qnae
281 290 360 340 tanta
377 284 431 337 tuit
449 283 563 338 Romam
582 284 633 337 tibi
651 302 746 340 caussa
762 287 894 342 ridendil

79 362 107 416 T.
127 363 268 429 Libertas;
285 379 355 432 quae
373 376 441 427 sera,
459 364 551 420 tumen
570 363 691 430 respexit
708 363 832 430 inertem,

76 439 226 493 Candidior
244 445 390 509 postquam
408 435 535 490 tondenti
551 435 637 490 barba
653 438 787 505 cadebat;
908 436 913 447 '

77 515 212 584 Respexit
231 519 331 580 tamon,
351 518 380 567 ot
396 512 478 580 longo
495 517 559 581 post
577 518 701 582 temporo
718 517 800 584 venit,
905 533 930 571 so

77 591 227 661 Postquam
246 609 296 644 nos
317 588 461 657 Amaryllis
479 588 571 656 habet,
590 589 706 644 Galatea
723 593 841 662 reliquit

76 669 209 736 Namque,
227 668 335 721 fatebor
353 667 432 731 enim,
451 664 517 717 dum
536 681 580 718 mo
599 665 712 720 Galatea
729 669 849 736 tenebat,
924 696 930 721 ι

76 745 134 798 Noc
152 761 215 813 spos
231 744 367 798 libertatis
385 747 452 808 erat,
471 758 521 796 nec
539 759 605 795 eura
621 743 717 817 peculi.

77 821 205 886 Quamvis
224 822 311 875 multa
329 820 396 873 meis
414 819 502 873 exiret
521 819 631 873 uictima
648 821 757 889 saeptis,

78 897 189 966 Pinguis
207 902 236 951 et
253 897 376 965 ingratae
394 899 566 964 premeretur
583 912 676 950 caseus
695 898 765 966 urbi,
906 913 931 952 as

77 974 102 1026 N
105 991 139 1026 on
152 991 283 1044 umquam
295 973 386 1042 gravis
399 988 461 1025 acre
474 971 585 1025 domum
598 973 664 1026 mihi
676 973 776 1028 dextra
787 973 903 1028 redibat

77 1050 119 1104 M.
140 1050 268 1117 Mirabar,
289 1049 355 1118 quid
373 1051 477 1102 maesta
496 1047 571 1116 deos,
592 1049 730 1117 Amarylli,
748 1067 868 1116 vocares,

78 1127 128 1181 Oui
146 1127 267 1196 pendere
285 1142 335 1180 sua
352 1124 486 1194 patereris
503 1123 532 1177 in
550 1124 648 1179 arbore
666 1143 761 1195 poma:

78 1203 186 1271 Tityrus
204 1203 266 1256 binc
283 1203 386 1256 aberat.
426 1201 506 1268 Ipsae
524 1204 561 1268 te,
578 1201 678 1270 Tityre,
697 1204 784 1272 pinus,

80 1279 136 1346 Ipsi
154 1284 182 1331 to
201 1280 296 1344 sontes,
315 1278 374 1344 ipsu
391 1275 458 1328 hacc
475 1276 589 1348 arbusta
606 1279 744 1333 vocabant.
907 1295 932 1331 so

83 1354 113 1406 T.
131 1353 202 1417 Quid
220 1354 354 1406 faeereml
372 1367 461 1419 nequo
479 1351 591 1404 servitio
610 1369 653 1405 me
671 1355 746 1408 exire
764 1354 872 1422 licebat,

79 1430 105 1482 N
108 1448 138 1483 oc
155 1433 210 1482 tam
229 1427 380 1497 praesentis
398 1426 461 1478 alibi
479 1443 641 1494 cognoscere
659 1428 741 1483 divos

80 1505 134 1560 Hic
152 1506 229 1557 illum
247 1503 303 1557 vidi
321 1503 452 1565 iuvenem,
474 1501 615 1570 Meliboee,
634 1506 795 1572 quotannis

80 1582 128 1635 Bis
146 1597 224 1634 senos
241 1580 284 1634 cui
303 1582 397 1633 nostra
416 1577 476 1631 dies
494 1578 591 1632 altaria
608 1579 722 1635 fument.

80 1659 134 1711 Hie
152 1657 218 1710 mihi
236 1672 395 1724 responsum
415 1655 520 1723 primus
539 1654 618 1708 dedit
637 1656 684 1710 ille
701 1659 822 1726 petenti:
911 1693 913 1700 ι

81 1734 195 1801 Pascite,
213 1735 334 1800 utente,
352 1730 443 1797 boves,
462 1731 548 1798 pueri,
569 1730 724 1807 submittite
740 1737 840 1789 tauros.

80 1811 123 1864 M.
143 1811 293 1862 Fortunato
312 1823 403 1873 senex,
423 1822 489 1874 ergo
508 1808 557 1859 tua
576 1823 640 1860 rura
658 1809 813 1876 manebunt,

80 1888 117 1940 Et
134 1885 185 1939 tibi
202 1901 301 1952 magna
319 1882 393 1948 satis,
414 1882 538 1951 quamvis
556 1883 624 1950 lapis
643 1885 732 1936 omnia
748 1886 838 1939 nudus

80 1964 242 2031 limosoque
259 1959 337 2030 palus
354 1959 473 2013 obducat
489 1976 590 2033 pascua
606 1960 701 2014 iunco!

81 2041 142 2093 Non
159 2040 266 2092 insueta
282 2037 373 2108 gravis
391 2036 568 2105 temptabunt
585 2036 686 2105 pabula
703 2036 781 2102 fetas,

81 2117 106 2168 N
109 2133 140 2169 ec
157 2115 227 2169 mala
244 2114 325 2168 vicini
343 2112 449 2182 peeoris
468 2113 593 2180 contagia
610 2111 728 2166 laedent.

82 2192 231 2247 Fortunate
249 2207 340 2256 senex,
359 2190 410 2255 hie,
431 2190 503 2242 inter
522 2188 634 2241 flumina
650 2192 715 2240 nota

82 2269 117 2321 nt
133 2267 216 2320 fontis
234 2283 331 2330 saeros,
349 2267 436 2331 frigus
457 2262 579 2332 captabis
596 2261 730 2331 opacum!

82 2345 153 2396 Hinc
171 2342 229 2405 tibi,
249 2357 319 2415 quae
338 2355 451 2407 semper,
472 2340 559 2392 vicino
579 2338 614 2391 ab
632 2338 727 2406 limite,
744 2355 841 2408 saepes

82 2418 212 2486 Hyblaeis
230 2415 328 2484 apibus
347 2415 441 2468 florem
459 2415 575 2483 depasta
593 2415 689 2482 salicti,
728 2450 732 2456 -

82 2495 167 2561 Saepo
185 2492 238 2545 levi
255 2508 378 2545 somnum
399 2491 526 2544 suadebit
546 2492 616 2545 inire
634 2507 760 2557 susurro;

82 2551 154 2622 Hbrc
172 2569 228 2621 alta
247 2567 297 2620 sub
315 2585 383 2637 rupe
404 2571 484 2622 canet
504 2568 648 2644 frondator
666 2568 701 2621 ad
718 2585 815 2634 aurus;

83 2644 140 2698 Nec
157 2649 248 2698 tamen
268 2644 373 2697 interea
393 2661 498 2711 raucae,
519 2648 568 2699 tua
587 2662 660 2713 cura,
679 2644 829 2715 palumbes,

82 2721 140 2774 Noe
158 2738 269 2789 gemere
286 2720 360 2774 aeria
379 2720 498 2774 cessabit
517 2725 612 2776 turtur
629 2722 664 2776 ab
681 2723 761 2775 ulmo.

87 2797 115 2851 T.
134 2800 209 2851 Ante
226 2797 300 2851 leves
319 2816 383 2866 ergo
404 2801 548 2867 pascentur
568 2815 596 2851 m
616 2799 728 2852 aethere
745 2799 826 2865 cervi,

84 2876 120 2928 m
136 2875 209 2928 freta
227 2878 380 2929 destituent
400 2876 487 2929 nudos
506 2875 534 2927 in
553 2876 633 2929 litore
650 2875 745 2943 pisces,

85 2954 165 3016 Ante,
185 2941 493 3020 pererratis'amborum
513 2952 619 3016 finibus,
638 2951 715 3004 exsul

86 3028 143 3078 Aut
163 3028 272 3080 Ararim
293 3027 411 3081 Parthus
429 3028 514 3091 bibet,
533 3030 581 3080 aut
601 3025 747 3079 Germania
765 3024 875 3090 Tigrim,

85 3104 170 3165 Qumn
190 3106 283 3156 nostro
302 3103 373 3155 illius
391 3101 499 3155 labatur
517 3105 627 3169 pectore
644 3101 741 3154 voltus.

93 3179 125 3230 ll.
145 3181 185 3231 at
202 3194 251 3231 nos
268 3178 331 3230 hinc
349 3177 395 3230 ulii
413 3177 530 3230 sitientis
549 3176 648 3229 ibimus
668 3177 757 3241 Atros,
