2032 3524
353 130 535 179 AENEIDOS
557 131 625 178 LIB.
649 131 712 178 Vll.
915 137 960 186 221

112 211 151 264 Ut
168 209 258 277 pelagi
278 225 360 277 rupes
378 225 476 278 magne
487 208 621 263 *veniente
639 210 755 277 fragore,

111 287 187 349 Quae
206 302 272 354 sese,
290 285 383 338 multis
401 287 503 339 circum
521 286 685 340 latrantibus
703 287 789 354 undis,

111 362 184 415 Male
202 365 295 426 tenet;
314 362 414 429 scopuli
433 363 597 431 nequiquam
617 366 645 415 et
663 380 775 430 spumea
792 363 892 418 circum

110 439 182 492 Sara
199 438 327 505 fremunt,
346 438 481 507 laterique
499 439 579 492 inlisa
597 439 753 491 refunditur
771 439 838 506 alga.
925 455 962 494 aaa

110 515 213 569 Verum
231 515 278 567 ubi
296 514 370 569 nulla
388 514 471 569 datur
489 533 597 569 caecum
617 532 781 584 exsuperare
800 518 923 584 potestas

111 592 265 658 Consilium,
287 596 316 645 et
334 609 431 646 saevae
450 599 519 646 nutu
539 593 651 646 lunonis
671 596 736 645 cunt
755 609 806 659 res,

111 669 199 721 Multa
217 669 283 722 deos
302 686 437 738 aurasque
455 674 535 738 pater
554 673 672 723 testatus
691 669 786 734 inanis,

111 744 272 811 Frangimur
289 744 343 797 lieu
361 745 432 813 fatis,
449 745 545 812 inquit,
566 745 733 812 terimurque
749 741 882 812 procella!

74 867 77 872 .
111 820 167 887 lpsi
186 820 234 873 has
252 820 383 888 sacrilego
401 821 527 888 pendetis
547 822 676 888 sauguine
694 837 803 887 poenas,
927 832 963 870 595

110 895 133 947 Ο
152 897 252 951 miseri.
290 897 334 960 Te,
353 897 449 963 Turne,
468 898 552 963 nolae,
570 901 599 949 te
617 897 698 949 triste
716 895 837 948 manebit

110 972 284 1040 Supplicium,
303 972 427 1040 votisque
447 972 512 1023 deos
530 971 697 1023 venerabere
715 970 788 1022 seria.

110 1048 180 1099 Nam
198 1048 264 1100 mihi
283 1051 362 1114 parta
381 1048 465 1114 quiea,
484 1047 626 1114 omnisque
643 1046 671 1097 in
689 1044 781 1097 limine
800 1048 910 1112 portus;

111 1123 217 1175 Funere
235 1122 306 1174 felici
325 1122 434 1190 spolior.
471 1121 529 1174 Nec
547 1121 626 1188 plura
643 1120 750 1173 locutus

110 1199 216 1266 Saepsit
235 1216 263 1250 se
282 1198 371 1263 tectis,
389 1213 536 1265 rerumque
555 1197 667 1263 reliquit
685 1195 811 1248 habenas.
926 1209 964 1248 aaa

146 1273 205 1325 Mos
223 1277 283 1325 crat
303 1272 438 1341 Hesperio
457 1273 485 1325 in
505 1272 591 1339 Latio,
611 1289 693 1340 quem
712 1271 837 1340 protinus
854 1270 937 1324 urbes

110 1349 234 1403 Albanae
254 1349 360 1402 coluere
379 1365 493 1415 sacrum,
512 1365 583 1401 nunc
601 1364 728 1401 maxuma
746 1363 838 1400 rerum

111 1427 197 1480 Roma
215 1426 287 1494 colit,
307 1443 368 1479 cum
387 1426 474 1494 prima
493 1427 603 1478 movent
621 1425 648 1477 in
667 1423 771 1492 proelia
789 1423 915 1490 Martem,

109 1503 171 1556 Sive
191 1503 269 1556 Getis
287 1502 389 1555 inferre
407 1519 490 1556 manu
508 1501 675 1555 lacrimabile
692 1500 794 1554 bellum

109 1580 276 1648 Hyrcanisve
290 1579 424 1632 Arabisve
437 1581 543 1648 parant,
558 1594 606 1631 seu
618 1578 734 1631 tendere
747 1576 783 1630 ad
797 1577 882 1630 Indos
925 1589 963 1629 ms

110 1658 300 1725 Auroramque
320 1657 396 1724 sequi
416 1656 587 1722 Parthosque
607 1671 749 1723 reposcere
767 1653 857 1720 signa:

109 1732 177 1786 Sunt
197 1734 322 1801 geminae
341 1733 411 1786 Belli
429 1735 533 1801 portae,
553 1731 592 1785 sic
611 1731 719 1783 nomine
738 1730 840 1795 dieunt,

109 1807 250 1876 Religione
269 1826 362 1862 sacrae
380 1813 409 1862 et
427 1808 501 1862 saevi
520 1807 665 1861 formidine
685 1805 799 1870 Martis3

109 1884 224 1938 Centum
244 1886 316 1938 aerei
334 1885 466 1938 claudunt
483 1888 576 1937 vectes
595 1887 761 1950 aeternaque
778 1881 845 1933 ferri

109 1960 225 2027 Robora,
245 1978 294 2013 nec
313 1964 403 2013 custos
422 1961 532 2013 absistit
549 1960 644 2012 limine
663 1958 762 2021 Ianus;
923 1967 961 2007 aro

109 2036 175 2102 liae,
193 2036 240 2088 ubi
259 2038 335 2088 certa
353 2035 432 2087 sedet
449 2034 575 2102 patribus
594 2033 731 2085 sententia
748 2045 861 2098 pugnae,

110 2111 173 2180 lpse
193 2111 325 2176 Quirinali
342 2109 438 2162 trabea
456 2110 601 2176 cinctuque
621 2107 726 2160 Gabino

110 2188 229 2254 Insignis
247 2188 352 2239 reserat
370 2185 515 2238 stridentia
532 2183 626 2236 limina
645 2181 759 2245 Consul;

110 2263 173 2330 Ipse
190 2268 268 2316 vocat
286 2279 399 2330 pugnae,
419 2261 542 2328 sequitur
560 2261 620 2311 tum
638 2259 730 2309 cetera
747 2255 841 2324 pubes,

110 2339 252 2407 Aereaque
270 2339 388 2391 adsensu
406 2335 562 2403 conspirant
580 2349 680 2386 conrua
697 2348 786 2385 rauce.
923 2347 960 2387 615

110 2415 170 2468 Hoc
188 2419 216 2468 et
235 2420 293 2468 turn
314 2413 452 2467 Aeneadis
471 2411 591 2464 indicere
609 2408 681 2462 bella
700 2408 813 2463 Latinus

110 2491 186 2544 More
204 2491 350 2544 iubebatur
368 2488 512 2556 tristisque
530 2484 671 2539 recludere
689 2488 790 2553 portas.

112 2566 251 2620 Abstinuit
268 2569 344 2619 tactu
361 2568 448 2632 pater,
466 2560 632 2630 aversusque
650 2560 753 2629 refugit

110 2641 203 2695 Foeda
220 2641 378 2706 ministeria,
397 2642 426 2693 et
444 2639 531 2692 caecis
549 2654 579 2690 se
596 2636 718 2692 condidit
735 2636 846 2691 umbris

81 2733 84 2738 ·
109 2718 176 2770 'lum
195 2717 289 2784 regina
308 2716 389 2768 deum
408 2715 483 2768 caele
501 2714 612 2783 delapsa
629 2712 760 2783 morantis
922 2723 959 2764 aaa

110 2794 214 2860 Inpulit
232 2793 291 2861 ipsa
308 2808 389 2844 manu
406 2795 507 2859 portae,
526 2793 554 2843 et
572 2789 682 2843 cardine
700 2803 779 2843 verso

111 2869 180 2922 Belli
197 2870 313 2922 ferratos
330 2868 433 2936 rumpit
451 2867 579 2921 Satumia
596 2865 689 2934 postis.

109 2945 201 2998 Ardet
217 2945 336 2998 inexcita
355 2943 475 2996 Ausonia
492 2947 576 3012 atque
594 2940 732 2993 inmobilis
750 2941 828 3002 anto;

110 3021 177 3075 Pars
193 3021 279 3089 pedes
296 3020 337 3074 ire
353 3022 434 3089 parat
451 3019 561 3088 campis,
578 3033 643 3086 pars
660 3015 762 3071 arduus
779 3014 841 3068 altis

111 3097 317 3151 Pulverulcutus
335 3096 412 3164 equis
429 3095 512 3161 frrrit3
529 3110 624 3148 omnes
641 3107 717 3144 arma
736 3090 889 3159 requirunt.
921 3100 958 3142 aas

111 3176 176 3228 l’ars
194 3174 261 3226 levis
278 3173 379 3242 clipeos
396 3175 425 3226 et
443 3171 545 3239 spicula
562 3167 652 3223 lueida
669 3169 779 3234 tergent
