2032 3524
94 132 126 176 68
323 126 353 174 Ρ.
372 124 525 173 VERGILI
543 125 709 176 MARONIS

97 205 230 260 Pontibus
247 208 279 257 ut
297 203 399 257 crebris
417 203 521 272 possint
539 205 688 259 consistere
706 210 736 260 ct
753 206 811 261 alas

96 283 220 335 l'audere
239 281 275 334 ad
293 281 424 332 aestivum
443 280 536 345 selem,
555 281 577 332 si
595 281 667 333 forte
686 285 816 337 morantis

94 359 230 426 Sparserit
248 363 296 409 aut
314 372 444 424 praeceps
464 355 592 424 Neptuno
609 357 764 411 inmerserit
783 359 877 415 Euris

96 436 170 488 llaec
189 435 286 486 eiremn
307 433 393 485 erisiae
413 432 513 484 virides
531 438 561 485 et
579 433 680 485 olentia
697 433 752 488 late
922 436 949 495 d

94 511 216 579 Serpplla
234 514 263 562 et
280 510 400 576 grauiter
419 509 546 575 spirantis
564 510 641 578 copia
658 509 800 578 thymbrae

94 587 210 651 Floreat,
229 587 421 652 inriguumque
440 583 537 637 bibant
556 585 667 638 violaria
684 586 796 641 fontem.

94 665 159 734 Ipsa
177 674 275 728 autem,
295 679 341 715 seu
361 659 505 713 corticibus
525 660 575 713 tibi
593 666 655 714 suta
672 664 781 727 canitis,

93 743 146 794 Seu
164 742 237 794 leuto
256 740 356 792 suerint
375 737 491 790 alvearia
509 738 608 791 riurine
626 742 710 803 texte,

95 822 232 884 :irrgmstes
251 816 368 868 habeant
387 814 491 866 aditus:
510 831 570 866 uam
590 815 690 882 frigore
707 815 789 867 mella
920 832 946 871 11

93 896 171 960 Cogit
189 894 301 960 hiemps,
321 891 471 959 eademque
489 891 563 943 calor
580 891 726 960 liquefacta
743 892 866 947 remittit

94 970 217 1037 l'traque
236 970 276 1021 ris
296 967 391 1038 apibus
409 968 512 1036 pariter
531 966 693 1031 metuenda3
711 983 800 1034 neque
817 968 881 1022 illae

93 1045 263 1113 Nequiquam
281 1047 309 1098 in
328 1045 406 1096 tectis
426 1044 549 1096 certatim
568 1044 661 1096 tenuia
678 1059 741 1096 cera

91 1123 263 1189 spiramenta
281 1122 376 1183 linunt,
396 1121 510 1187 fucoque
529 1123 557 1172 et
575 1118 686 1172 floribus
704 1136 766 1172 oras

91 1198 217 1265 Explent,
236 1197 433 1264 collectumque
452 1196 518 1248 haec
536 1196 595 1264 ipsa
613 1195 649 1248 ad
666 1213 780 1248 munera
796 1196 890 1264 gluten
918 1212 944 1253 40

91 1275 127 1326 Et
145 1275 215 1327 risco
234 1278 263 1327 et
284 1273 416 1340 Phrygiae
436 1276 545 1325 serrant
564 1273 622 1340 pice
641 1272 740 1325 lentius
761 1272 836 1327 ldae.

90 1351 176 1417 Saepe
195 1350 278 1402 etiam
297 1348 408 1413 effossis,
427 1348 450 1399 si
468 1364 532 1400 vera
551 1352 594 1400 est
611 1348 689 1413 faura,
709 1348 821 1403 latebris

89 1425 145 1477 Sub
164 1430 239 1478 terra
257 1424 348 1475 ferere
367 1423 460 1487 larem,
478 1425 640 1493 penitusque
658 1430 784 1493 repertae

91 1500 300 1567 Punricibusqne
319 1500 392 1552 caris
410 1516 562 1567 exesaeque
580 1499 686 1553 arboris
703 1506 790 1555 antio.

88 1577 129 1629 'lu
148 1580 238 1630 tamen
256 1578 286 1629 et
303 1575 355 1629 levi
373 1577 472 1628 rimosa
489 1575 587 1629 cubilia
605 1577 668 1628 limo
916 1593 941 1634 3

88 1653 186 1720 Ungue
204 1653 298 1706 ferens
316 1653 423 1719 circum,
440 1656 470 1706 01
488 1669 563 1705 raras
582 1653 742 1721 superiniieo
758 1654 877 1710 fmndes.

88 1730 113 1780 N
116 1747 150 1781 eu
168 1729 277 1797 propius
296 1729 377 1782 tectis
396 1732 489 1782 taxum
510 1729 574 1795 siue,
591 1745 660 1782 neve
678 1729 802 1783 rubentis

88 1805 145 1857 l're
165 1807 222 1857 loco
241 1821 358 1871 caneres,
378 1806 449 1858 altae
468 1822 520 1858 11011
539 1804 620 1858 crode
638 1805 737 1874 paludi,

89 1883 147 1933 Aut
166 1881 211 1932 ubi
230 1880 297 1933 odor
315 1883 390 1934 caeni
408 1883 506 1950 gravis,
525 1884 573 1934 aut
591 1881 638 1934 ubi
657 1898 773 1935 concava
789 1883 870 1950 pulsu

87 1957 159 2009 Sara
177 1961 274 2010 sonant
294 1958 420 2025 vocisque
438 1958 541 2010 offensa
560 1957 674 2010 resultat
690 1959 786 2026 imago.
914 1974 940 2015 u

123 2033 200 2096 Quod
214 2037 345 2101 superest,
358 2033 404 2085 ubi
417 2035 521 2103 pulsum
535 2034 651 2085 hiemem
665 2033 709 2086 Sol
723 2051 820 2087 aureus
831 2036 888 2104 egIt

87 2108 144 2160 Sub
163 2114 250 2162 terras
269 2109 427 2178 caelumque
446 2111 550 2162 aestiva
568 2109 627 2161 luce
645 2109 762 2177 reclusit,

90 2184 156 2237 lllae
174 2186 299 2238 continuo
318 2186 403 2239 saltus
421 2186 554 2253 silvasque
573 2189 719 2252 peragrant

90 2261 295 2330 Purpureosque
314 2266 422 2315 metunt
440 2261 520 2314 fleres
539 2265 567 2314 et
585 2261 695 2314 flumina
714 2262 800 2317 libant

87 2337 198 2389 Surnnra
215 2338 295 2392 lcvcs.
336 2338 408 2389 Hinc
426 2338 515 2389 nescio
535 2355 588 2405 qua
607 2337 750 2391 dulcedine
767 2339 857 2394 laetae
913 2355 940 2395 Ι

89 2413 247 2479 Progeniem
267 2414 398 2480 nidosque
417 2413 516 2479 1010111,
534 2413 596 2466 hinc
613 2417 674 2466 arto
691 2416 809 2469 recentis

90 2489 233 2541 Excudent
251 2505 327 2542 ceras
346 2494 375 2541 01
393 2489 474 2542 1110110
492 2490 597 2542 teneda
617 2489 728 2555 fingunt.

90 2564 159 2617 lliuc
178 2564 223 2616 ubi
241 2566 294 2617 iam
312 2567 440 2618 emissum
458 2566 548 2618 caveis
566 2565 602 2617 ed
619 2564 710 2617 sidera
727 2566 794 2620 caeli

88 2640 161 2692 Naro
179 2659 228 2708 per
246 2646 379 2695 aestatem
398 2642 529 2711 liquidam
549 2643 702 2710 suspexeris
718 2659 816 2709 tgrnon

87 2715 291 2785 (lbscuramque
309 2719 381 2770 trahi
400 2724 481 2772 vento
499 2719 633 2772 mirabere
651 2717 758 2785 nubem,
912 2734 941 2775 ω

87 2792 304 2860 Contemplator:
324 2813 409 2864 aquas
429 2796 515 2849 dulcis
533 2800 562 2848 01
580 2795 694 2847 frondea
712 2813 820 2864 semper

86 2867 168 2920 'lecta
186 2874 291 2937 petunt.
329 2872 391 2925 lluc
408 2876 440 2925 tu
458 2874 544 2926 iussos
563 2872 697 2940 adsperge
715 2888 833 2940 saperes,

87 2942 161 2995 Trita
179 2947 347 3016 melisphylla
365 2952 394 3000 ct
412 2949 550 3002 cerinthae
570 2948 686 3015 ignobile
704 2965 825 3017 gramen,

86 3019 263 3090 Tinnitusque
281 3025 320 3077 cie
339 3029 368 3077 ct
387 3025 484 3078 Matris
503 3029 586 3092 quate
603 3025 724 3092 cymbala
741 3026 854 3078 circum:

87 3095 167 3163 Ipsae
183 3100 324 3152 consident
341 3101 483 3153 medicatis
502 3100 617 3167 sedibus,
636 3101 711 3168 ipsae
911 3114 939 3157 fl

85 3171 187 3227 Intinra
204 3191 279 3228 more
296 3191 345 3228 suo
363 3191 423 3229 sese
440 3176 468 3229 in
486 3176 619 3230 cirnabula
637 3177 762 3232 condent.
