2032 3524
373 126 557 174 AENEIDOS
572 125 641 175 LIB.
661 125 699 174 11.
843 177 844 180 ,
915 129 961 176 103

109 205 297 273 Desertosque
315 206 410 259 ridere
427 206 500 258 loces
519 206 638 274 litusque
656 206 788 260 relietum.

109 281 164 335 llic
183 282 318 349 Dolopum
336 298 439 348 manus,
457 281 501 334 hic
520 298 614 334 saevus
633 281 766 336 tendebat
785 282 920 349 Achillem

109 358 249 411 Classibus
267 358 311 411 hic
328 359 418 422 loeus;
437 357 481 410 hic
499 359 556 411 acie
575 362 680 412 certare
699 358 830 412 solebant.
937 373 961 414 ao

110 433 177 487 Pars
196 437 291 501 stupet
309 435 441 502 innuptae
460 434 561 487 denum
581 435 690 488 exitiale
709 436 849 489 Minervae

109 508 146 561 llt
163 510 262 562 molem
281 511 415 562 mirantur
432 511 511 577 equi;
530 510 689 578 primusque
707 511 868 578 Thpmoetes

108 584 177 638 Duci
195 586 268 639 intra
285 602 378 639 muros
396 586 522 640 hortatur
540 590 569 640 et
586 604 648 640 arce
667 587 755 654 locari,

108 661 170 714 Sive
189 662 258 727 dolo,
278 678 326 715 seu
344 661 398 714 iam
418 663 514 716 Troiae
532 663 570 715 sic
588 663 646 716 fata
663 662 795 716 ferebant.

110 739 148 790 At
167 737 262 805 Capys,
281 741 310 790 et
328 755 444 806 quorum
462 738 558 791 melior
577 740 713 792 sententia
731 740 824 805 menti,
934 757 959 796 aa

108 815 167 866 Aut
185 814 281 881 pelago
300 813 426 866 Danaum
445 814 558 866 insidias
577 819 758 882 suspectaque
776 815 847 868 dona

65 899 68 904 '
107 888 291 957 Praecipitare
309 889 412 957 iubent,
432 889 616 957 subiectisque
634 907 714 942 urere
732 891 852 957 flammis,

107 966 165 1018 Aut
183 965 324 1019 terebrare
342 983 421 1019 cavas
440 967 512 1020 uteri
530 971 559 1034 et
578 971 715 1034 temptare
733 967 857 1022 latebras

106 1040 245 1095 Scinditur
262 1042 396 1095 incertum
416 1043 507 1095 studia
525 1043 553 1094 in
572 1043 708 1094 contraria
725 1043 827 1109 volgus.

140 1116 248 1169 Primus
266 1117 304 1169 ibi
323 1122 387 1169 ante
405 1118 499 1183 omnis,
518 1133 616 1183 magna
634 1118 782 1170 comitante
800 1121 916 1184 caterva,
934 1132 958 1172 40

106 1191 228 1244 Laocoon
247 1192 347 1245 ardens
366 1209 471 1244 summa
490 1192 611 1245 decurrit
629 1192 664 1244 ab
682 1209 751 1259 arce,

106 1267 142 1319 nt
159 1267 266 1335 procul:
288 1267 311 1319 Ο
331 1269 429 1335 miseri,
450 1286 520 1336 quae
538 1272 616 1322 tanta
634 1269 745 1336 insania,
764 1269 852 1322 civesl

105 1343 224 1396 Creditis
243 1346 352 1396 avectos
371 1344 475 1398 hostisl
497 1348 545 1398 aut
563 1346 619 1398 ulla
636 1345 740 1413 putatis

105 1416 182 1471 Dona
200 1436 293 1473 carere
311 1419 382 1483 dolis
401 1420 542 1475 Danaum?
564 1422 602 1474 sic
620 1425 701 1474 notus
720 1422 833 1475 Ulixesl

104 1495 164 1548 Aut
182 1495 233 1549 hoc
252 1495 347 1549 inclusi
366 1496 440 1564 ligno
458 1497 631 1550 occultantur
649 1497 755 1564 Achivi,
931 1512 957 1553 ta

105 1572 163 1624 Aut
181 1571 247 1625 haec
264 1573 292 1624 in
310 1576 418 1625 nostros
436 1573 571 1626 fabricata
589 1577 632 1626 est
649 1573 773 1626 machina
789 1589 882 1626 muros

105 1646 265 1714 Inspectura
284 1649 378 1701 domos
397 1653 565 1717 venturaque
584 1650 702 1718 desuper
720 1649 790 1714 urbi,

105 1724 163 1775 Aut
182 1724 279 1792 aliquis
298 1725 367 1777 latet
385 1741 478 1788 error;
499 1742 568 1794 equo
587 1743 622 1777 ne
640 1725 752 1792 credite,
772 1725 877 1778 Teucri.

105 1796 245 1866 Quidquid
263 1800 292 1851 id
311 1804 361 1866 est,
379 1801 463 1853 timeo
482 1802 590 1854 Danaos
609 1809 637 1854 et
656 1801 728 1854 dona
745 1801 866 1855 ferentis.

104 1873 147 1927 Sic
166 1876 238 1927 taius
256 1877 353 1928 validis
371 1877 510 1943 ingentem
529 1879 632 1931 viribus
650 1878 758 1931 hastam
931 1891 956 1932 so

106 1949 138 2001 ln
157 1950 228 2002 latus
246 1952 328 2018 inque
346 1953 397 2004 teri
416 1970 524 2005 curvam
543 1954 708 2021 conpagibus
727 1955 816 2006 alvum

105 2024 250 2078 Contorsit.
287 2027 371 2080 Stetit
389 2027 435 2078 illa
452 2031 582 2094 tremens,
600 2032 736 2096 uteroque
754 2044 863 2082 recusso

106 2101 253 2153 insonuere
272 2118 353 2154 cavae
372 2103 560 2170 gemitumque
579 2103 682 2157 dedere
701 2120 839 2159 cavernae.

105 2176 148 2241 Ilt,
168 2177 190 2228 si
208 2177 265 2229 fata
284 2177 373 2243 deum,
393 2179 414 2230 si
433 2195 510 2230 mens
527 2196 580 2231 non
598 2179 676 2231 laeva
694 2179 798 2246 diisset,

105 2252 246 2320 lupulerat
263 2253 337 2306 ferro
356 2254 499 2321 Argolicas
518 2254 629 2307 foedare
647 2254 775 2320 latebras
930 2270 955 2311 te

104 2328 245 2397 Troiaque,
263 2346 334 2382 nune
352 2334 448 2398 stares,
468 2330 625 2398 Priamique
644 2348 693 2384 arx
711 2329 774 2398 alta,
793 2347 925 2386 maneres.

138 2405 215 2473 Ecce,
234 2423 329 2459 manus
347 2407 472 2459 iuvenem
491 2407 597 2460 interea
614 2411 677 2475 post
695 2410 779 2474 terga
791 2407 943 2460 revinctum

104 2481 231 2536 Pastores
242 2500 347 2550 magno
366 2483 402 2535 ad
420 2500 513 2550 regem
533 2483 650 2537 clamore
668 2483 816 2536 trahebant

104 2557 286 2626 Dardanidae,
306 2560 353 2627 qui
372 2577 401 2613 se
419 2560 542 2627 ignotum
562 2561 734 2613 venientibus
752 2559 834 2625 ultro,

106 2634 164 2686 Hoc
175 2634 264 2702 ipsum
276 2639 307 2688 ut
321 2639 442 2689 strueret
455 2636 618 2707 Troiamque
631 2637 750 2704 aperiret
765 2635 883 2701 Achivis,
931 2649 956 2689 aa

104 2708 258 2776 Obtulerat,
277 2711 366 2766 fidens
383 2712 472 2780 animi,
491 2715 573 2779 atque
592 2713 620 2764 in
638 2716 787 2779 utrumque
805 2714 925 2779 paratus,

105 2785 159 2838 Seu
176 2803 285 2840 versare
303 2787 388 2856 dolos,
407 2806 455 2841 seu
473 2793 565 2841 certae
584 2788 743 2841 occumbere
761 2786 850 2838 morti.

53 2864 56 2871 ⁴
105 2861 234 2930 Undique
251 2863 356 2916 visendi
375 2864 466 2918 studio
485 2865 599 2917 Troiana
617 2864 743 2917 iuventus

105 2937 274 2992 Circumfusa
291 2941 354 3005 ruit,
373 2945 535 3008 certantque
553 2941 676 2993 inludere
694 2943 779 3007 capto.

106 3014 209 3083 Accipe
226 3032 297 3068 nuuc
315 3016 440 3079 Danaum
458 3017 578 3084 insidias,
596 3021 625 3069 et
643 3015 755 3068 crimine
773 3014 807 3066 ab
824 3031 877 3068 uno
930 3031 955 3072 aa

106 3088 187 3145 Disce
204 3092 298 3145 omnis.

79 3168 81 3173 ‘
107 3163 233 3234 Namque
251 3171 282 3222 ut
300 3173 447 3236 conspectu
464 3169 492 3222 in
510 3169 602 3222 medio
620 3167 752 3233 turbatus,
770 3166 889 3232 inermis,
