2032 3524
102 118 148 165 23¹3
340 118 366 165 Ρ.
389 117 538 166 VEllGILI
556 120 684 168 MARON
689 120 720 169 IS

103 197 161 249 lam
180 200 238 250 tum
259 198 352 265 religio
371 197 483 265 parides
501 199 625 252 terrebat
643 201 757 267 agrestis

103 272 168 325 llira
186 275 252 337 loci;
270 274 322 327 iam
342 279 401 326 tum
419 274 512 327 silvam
532 292 681 344 saxumque
699 276 861 331 tremebant.
914 292 951 330 350

104 350 162 402 lloc
181 368 282 411 nemus,
301 351 377 413 lume,
397 352 491 418 iuquit,
510 351 637 403 frondoso
656 355 757 406 rerliee
776 353 878 419 collem,

102 428 166 488 Quis
182 425 249 479 dens
264 428 397 479 incertum
413 434 462 489 est,
478 426 584 480 babitat
601 428 683 493 dcus;
702 429 826 481 Arcades
841 428 935 497 ipsum

101 503 222 555 Credunt
241 520 270 556 se
289 503 387 555 vidisse
410 504 508 569 lovem,
527 520 588 555 eum
607 521 687 573 saepe
705 505 860 572 nigumtcm

101 578 207 645 Aegida
225 583 382 631 concuteret
401 578 506 645 destm,
526 580 686 648 nimbosque
704 582 794 634 cieret.

101 654 175 707 llaec
194 655 248 706 duo
266 659 409 722 praeterea
427 655 546 707 disiectis
565 656 664 724 oppida
681 657 772 722 nimis,
913 672 950 712 ³56

101 730 238 799 Reliquias
256 734 432 798 veterumque
452 731 528 784 rides
547 738 718 785 monumenta
739 734 864 786 vireium.

100 807 175 859 llanc
195 807 278 859 lanus
295 811 380 874 pater,
399 806 467 859 bane.
486 810 618 860 saturnus
637 809 759 861 condidit
776 825 884 873 arcem3·

100 883 246 935 Ianiculum
264 883 334 945 huie,
354 883 391 934 illi
411 883 499 935 suerat
518 884 646 936 Saturnia
663 902 767 936 nomen.

96 958 204 1012 Talibus
222 960 294 1012 inter
312 977 341 1012 se
359 958 438 1011 dietis
457 960 492 1011 ad
511 964 584 1011 tecta
602 960 730 1011 subibant

98 1035 226 1101 Pauperis
246 1035 373 1099 Euandri,
393 1036 548 1103 passimque
568 1042 691 1088 armenta
709 1035 838 1088 ridebant
909 1052 949 1090 see

97 1112 271 1180 Romanoque
289 1112 348 1164 loro
367 1123 396 1164 et
414 1112 494 1164 lautis
513 1113 617 1179 mugire
637 1112 747 1164 Carinis.

97 1188 134 1240 l't
152 1193 262 1241 rentum
281 1188 316 1240 ad
335 1188 426 1241 sedes:
454 1188 535 1253 llaec,
554 1188 648 1256 inquit,
667 1187 759 1239 limina
775 1187 862 1240 vietor

96 1265 206 1316 Alcides
225 1264 314 1329 subiit,
334 1264 399 1315 baec
419 1262 494 1315 illam
514 1264 587 1330 regia
605 1264 683 1331 cepit.

94 1341 182 1405 Ande,
201 1341 307 1408 hospes
325 1344 498 1391 contemnere
517 1356 589 1407 opes,
608 1345 636 1391 et
655 1342 683 1391 te
702 1354 811 1407 quoque
829 1337 946 1405 (liguum

95 1416 178 1479 linge
198 1415 256 1481 deo,
274 1413 410 1482 rebusque
429 1416 489 1466 reni
508 1432 559 1466 non
579 1432 658 1482 asper
676 1414 776 1481 egenis.
907 1430 946 1468 ses

95 1492 104 1542 l
110 1493 175 1556 lixit,
196 1495 224 1543 ct
241 1491 349 1557 angusti
369 1490 463 1542 subter
481 1491 589 1557 fastigia
607 1491 673 1542 teeti

95 1567 237 1633 lugentem
257 1567 367 1618 Aenean
388 1564 473 1629 (luxit,
493 1567 640 1633 stratisque
659 1566 756 1618 locarit

93 1643 223 1694 lill'ultum
241 1641 311 1694 foliis
329 1647 357 1695 et
375 1641 445 1710 pelle
466 1642 612 1709 Libystidis
631 1659 717 1695 ursae.

128 1719 188 1770 Nox
206 1720 268 1783 ruit,
287 1722 316 1770 et
333 1718 415 1769 fuscis
432 1718 555 1770 tellurem
576 1718 752 1786 amplectitur
768 1717 825 1770 alis.

93 1796 132 1847 At
148 1795 238 1846 Venus
251 1793 324 1845 baud
337 1794 426 1845 aninio
439 1794 602 1861 nequiquam
617 1793 749 1845 exterrita
761 1796 856 1860 mater,
905 1808 944 1850 sva

92 1870 311 1937 Laurentumque
330 1870 409 1920 minis
428 1874 456 1922 et
475 1870 543 1920 duro
562 1874 635 1922 mota
653 1869 771 1921 tumultu

92 1945 240 1998 Volcanum
258 1945 421 2013 adloquitur,
440 1945 613 2013 thalamoque
631 1945 698 1997 baee
715 1943 835 2011 coniugis
852 1959 942 2000 auree

92 2022 197 2090 Incipit,
216 2026 245 2074 et
263 2021 342 2074 dietis
361 2022 481 2073 divinum
500 2021 623 2088 adspirat
641 2036 773 2072 amorem:

91 2098 160 2150 llum
179 2099 249 2151 bello
270 2098 390 2166 Argolici
410 2098 553 2150 vastabant
574 2098 706 2163 Pergama
724 2110 803 2162 reges

90 2173 190 2227 Debita
208 2192 370 2243 casurasque
388 2174 502 2226 inimicis
521 2172 627 2239 ignibus
646 2189 728 2237 arces,
902 2186 942 2229 us

89 2251 148 2302 Non
168 2251 251 2303 ullum
270 2251 398 2303 auxilium
418 2250 529 2316 miseris,
548 2265 601 2300 uon
620 2265 694 2300 arma
712 2245 805 2314 rogavi

91 2326 166 2379 Artis
185 2327 297 2394 opisque
315 2329 393 2388 tuae;
413 2343 462 2378 nec
481 2329 517 2391 te,
537 2324 673 2377 carissime
691 2324 815 2389 coniunx,

90 2402 260 2454 Incassumve
279 2405 339 2453 tuos
357 2402 427 2453 relui
447 2418 575 2453 exercere
593 2398 706 2463 labores,

89 2477 214 2540 Quamvis
233 2478 263 2528 et
282 2476 381 2528 Priami
401 2477 529 2528 deberem
549 2476 665 2543 plurima
683 2474 760 2538 natis,

89 2554 123 2606 ln
141 2554 239 2605 durum
259 2554 369 2604 Aeneae
387 2552 520 2605 flevissem
539 2568 620 2618 saepe
638 2550 765 2603 laborem.
903 2568 944 2608 mo

88 2629 112 2680 N
116 2646 165 2680 mie
186 2629 256 2680 lovis
274 2628 384 2694 inperiis
404 2627 566 2679 Rutulorum
584 2626 706 2679 constitit
723 2625 792 2676 oris:

86 2704 157 2771 Ergo
176 2704 270 2756 cadem
290 2703 402 2769 supplex
422 2704 505 2767 renio,
524 2706 553 2754 et
572 2706 695 2754 sanetum
712 2700 779 2753 mibi
798 2715 905 2757 iiumen

87 2781 173 2832 Arma
191 2796 263 2846 rogo,
282 2778 407 2845 genetrix
426 2782 497 2830 nato.
534 2778 572 2830 'le
590 2778 646 2829 filia
664 2776 755 2843 Nerei,

85 2854 123 2908 Te
142 2856 231 2923 potuit
248 2854 365 2906 lacrimis
384 2852 507 2905 Tithonia
525 2853 635 2904 flectere
654 2853 776 2904 coniunx.

85 2933 190 2997 Aspice,
209 2931 256 2998 qui
274 2932 369 2982 coeant
387 2928 486 2996 populi,
506 2944 577 2994 quae
595 2928 700 2979 moenia
717 2925 816 2981 clausis

85 3005 198 3058 Ferrum
218 3008 316 3058 acuant
333 3005 419 3073 portis
437 3004 464 3054 in
482 3019 526 3054 me
545 3002 747 3067 exscidiumque
766 3018 903 3061 meeum,

83 3080 205 3146 'lixerat
224 3084 253 3133 ct
271 3081 356 3132 niveis
374 3080 435 3130 bine
454 3082 538 3144 atque
556 3078 617 3128 bine
635 3077 698 3128 diva
716 3075 830 3133 lacertis

126 3157 261 3209 notantem
279 3155 405 3221 amplexu
424 3153 495 3205 molli
514 3152 593 3203 fovet.
632 3151 682 3203 Ille
699 3156 816 3219 repente
