2032 3524
89 121 134 166 llll
328 114 356 159 Ρ.
377 111 528 159 VERGlLl
546 112 711 161 Maluonls

89 195 233 261 Daedalion,
251 194 309 261 ipse
328 190 405 245 doles
423 190 491 244 teeti
510 189 694 259 mubngcsque
711 190 833 259 resolvit,

89 272 176 325 Caeca
193 285 290 336 regens
309 268 354 320 file
372 266 495 335 vestigia
532 266 573 320 'lu
591 282 700 335 quoqne
719 284 846 335 magnam
921 281 947 324 st

92 347 199 399 l'artern
218 361 300 413 opere
318 345 345 396 in
364 347 449 408 tauto,
469 344 571 397 sineret
590 342 674 410 dolor,
694 343 780 408 leare,
799 342 926 399 haberes.

92 424 138 475 llis
156 426 268 474 conatus
286 425 346 473 erat
365 436 443 473 casus
462 420 590 487 effingere
609 419 637 471 in
656 436 737 484 aure;

92 499 138 551 llis
157 498 261 569 patriae
280 496 403 550 cecidere
422 512 526 549 mamis.
563 495 634 559 Quin
652 496 778 565 protinus
795 496 891 551 emnia

92 575 267 641 l'crlegerent
285 572 376 637 oculis,
395 573 422 624 ni
440 573 493 624 iam
513 572 678 641 praemissus
697 571 820 625 Achates

93 651 209 704 dalforct
227 654 309 718 atque
328 666 381 701 una
401 648 504 701 Phoebi
523 648 684 717 Triviaeque
701 646 837 711 sacerdos,
925 664 951 705 ὅ

93 726 231 794 llciplmbc
251 725 353 791 Glauci,
372 724 446 777 latur
466 740 536 792 quac
553 724 619 778 talia
638 724 710 792 regi:

91 802 152 855 lien
170 802 220 854 lroe
239 800 292 853 ista
310 800 360 853 sibi
379 805 488 869 tempus
507 800 661 869 spectacula
677 799 781 869 poseit;

92 878 169 931 Nunc
186 893 270 945 grego
289 877 323 930 de
342 877 444 930 intacto
463 882 568 945 septem
588 880 708 930 nractare
726 876 853 929 iuvencos

93 953 273 1017 Praestituit,
292 952 409 1005 totidem
428 954 513 1006 lectas
533 952 567 1005 dc
587 969 662 1005 more
680 951 807 1004 bidentis

92 1029 201 1082 Talibus
220 1028 313 1082 adfata
333 1032 531 1082 Aenean-nec
549 1045 626 1081 sacra
644 1029 785 1080 morantur
926 1043 952 1082 se

95 1106 171 1158 iussa
189 1106 392 1158 viri-·-Teucres
410 1110 488 1158 vocat
506 1105 562 1158 ulta
579 1104 607 1156 in
626 1103 728 1172 templa
745 1102 880 1157 sacerdos.

129 1182 254 1234 Excisum
276 1181 411 1234 Euboicae
429 1181 502 1234 latus
519 1181 615 1248 iugens
633 1179 708 1248 rupis
726 1179 755 1232 in
772 1182 894 1248 antrum,

94 1260 151 1322 Quo
170 1258 218 1311 lati
237 1258 341 1310 ducunt
360 1257 451 1311 aditus
469 1260 586 1324 centum,
605 1256 676 1310 ostia
694 1257 819 1319 eentum3

96 1335 173 1386 llmle
192 1337 276 1386 ruunt
294 1334 412 1386 totidem
431 1350 517 1397 voces,
535 1348 666 1401 responsa
685 1330 810 1400 Sibyllae.

96 1410 214 1462 Ventum
234 1413 294 1461 erat
313 1408 348 1460 ad
367 1408 457 1475 limen,
476 1426 536 1461 cum
556 1410 640 1476 virgo,
661 1409 775 1461 Poscere
792 1406 854 1460 fata
927 1422 955 1462 ss

93 1486 217 1552 'lerrrpna
237 1485 290 1547 ait;
310 1485 385 1551 deus,
405 1501 475 1551 ecee,
495 1485 577 1539 deus!
617 1485 667 1539 Cui
686 1483 751 1537 talia
769 1482 838 1536 fanti

95 1564 168 1613 Anto
186 1560 257 1613 fores
276 1559 366 1612 subito
385 1577 438 1613 non
457 1560 553 1628 voltus,
572 1578 625 1614 nou
643 1561 717 1614 color
734 1574 812 1626 unus,

95 1637 156 1689 Nou
174 1639 297 1702 comptae
317 1652 441 1688 mansore
460 1653 567 1701 comae;
585 1636 636 1690 sed
653 1639 750 1706 ροσῒιιε
768 1634 909 1706 anhelum,

99 1712 132 1764 llt
151 1711 226 1764 rabie
244 1712 302 1764 fera
321 1712 403 1764 corda
422 1717 543 1779 tument3
562 1713 701 1782 maiorque
720 1711 817 1781 videri,

96 1789 153 1841 Nec
171 1787 286 1841 mortale
305 1804 410 1855 sonans,
431 1789 532 1842 adllata
550 1794 594 1843 est
611 1790 721 1842 numine
740 1787 851 1856 quando
933 1803 958 1843 ee

96 1865 154 1917 Iam
173 1864 299 1932 propiore
319 1864 371 1917 dei.
409 1865 505 1918 Cessas
522 1866 550 1918 iu
569 1870 633 1919 vota
651 1880 808 1933 precesque,

95 1940 168 2005 Tros,
188 1941 234 2005 ait,
255 1942 364 1994 terreat
384 1945 489 1994 cessas'l
508 1958 597 2010 nequo
616 1942 687 1994 enim
706 1943 771 1994 ante
788 1939 940 1998 debiscunt

98 2017 240 2070 Attonitae
259 2033 357 2084 magna
376 2033 423 2069 era
441 2017 544 2069 domus.
582 2018 619 2070 Et
638 2017 704 2070 talia
721 2016 778 2070 iata

96 2094 237 2146 Conticuit.
273 2093 387 2147 Gelidus
406 2094 516 2147 'seueris
535 2093 673 2162 perdura
692 2093 813 2147 'cucurrit

97 2172 165 2222 Ossa
177 2174 286 2234 tremor,
299 2170 444 2239 funditque
457 2187 552 2239 preces
565 2187 613 2223 rex
626 2173 738 2238 pectore
751 2168 786 2222 ab
797 2168 870 2226 imo:
934 2186 962 2229 ss

99 2246 215 2313 Phoebe,
233 2247 324 2314 gravis
343 2247 438 2299 Troiae
457 2263 564 2314 semper
582 2247 711 2299 miserate
729 2245 846 2314 labores,

100 2323 225 2375 llardana
243 2323 289 2391 qui
310 2322 416 2374 Paridis
435 2321 536 2375 direxti
556 2323 612 2375 tola
630 2336 780 2390 manusque

98 2400 201 2465 Corpus
219 2399 246 2451 in
268 2398 411 2464 Aeacidae,
431 2414 543 2464 magnas
562 2398 691 2450 obeuntia
709 2400 800 2451 terras

77 2474 148 2527 strat
167 2473 252 2525 maria
271 2474 371 2526 intravi
391 2473 460 2526 duce
479 2479 508 2526 te
526 2475 689 2543 penitusque
706 2476 832 2542 remstas

100 2549 244 2616 llarssylmn
264 2550 353 2615 gentis
372 2554 571 2619 praetentaque
590 2550 715 2619 Syrtibus
731 2565 804 2617 arra,
937 2568 963 2609 ω

102 2626 156 2677 lam
176 2624 287 2677 taudem
309 2624 406 2677 ltaliae
424 2626 554 2692 fugientis
572 2627 731 2696 prendimus
749 2642 828 2693 οπως

102 2701 159 2753 llac
179 2699 294 2753 Troiana
312 2705 391 2753 tenus
411 2700 494 2753 fuerit
514 2701 636 2756 Fortuna
654 2706 754 2756 secuta

103 2777 156 2829 Vos
175 2793 282 2846 qnoque
303 2776 466 2842 Pergameae
484 2778 537 2830 iam
556 2779 596 2831 fas
615 2785 657 2833 est
676 2794 788 2848 parcere
804 2780 894 2849 genti,

102 2852 189 2921 lliquo
208 2852 331 2922 deaeque
349 2869 449 2918 omnes,
468 2853 566 2920 quibus
585 2856 693 2909 obstitit
712 2854 795 2908 llium
812 2857 845 2909 et
860 2872 965 2927 ingens

102 2929 192 2981 Gloria
212 2929 370 2981 llnrdauine.
407 2928 509 2996 Tuque,
529 2947 544 2982 0
563 2932 734 2985 sanctissima
751 2933 837 2999 vates,
938 2950 966 2993 a

102 3003 227 3058 Praescia
245 3004 360 3070 venturi,
381 3003 425 3069 da,
445 3019 498 3055 nen
517 3005 640 3060 indebita
658 3022 739 3076 poseo

102 3081 198 3145 llegna
216 3081 285 3132 meis
304 3081 374 3146 latis,
395 3080 472 3132 Latio
491 3082 633 3136 considere
651 3084 768 3136 'seueros

101 3154 280 3225 Errantisque
297 3156 364 3210 dees
382 3154 541 3225 agitataque
558 3159 668 3213 numina
686 3158 791 3213 Troiae.
