2032 3524
366 127 548 176 AENElDOS
570 127 638 177 Lus
661 130 742 180 VIII.
933 130 979 178 2311

131 206 298 274 Ingrediens,
317 207 445 274 varioque
463 207 533 260 viam
552 225 675 262 sermone
693 209 809 264 levabat
956 259 959 266 .

129 283 248 335 Miratur
265 282 405 352 facilisque
422 285 515 338 oeulos
533 284 588 338 sert
606 286 695 338 emnia
713 288 813 339 circum
944 299 979 340 010

130 362 246 424 Aeneas,
265 359 424 428 capiturque
443 360 515 425 locis,
535 365 563 415 ct
582 362 687 428 singula
705 361 794 415 lactus
878 422 881 431 Ι

129 435 308 504 Exquiritque
327 435 459 505 auditque
479 438 566 490 virum
585 443 762 491 monumenta
779 437 912 506 priorum.

127 512 195 564 Tum
214 529 263 566 rex
283 511 426 565 Euandrus
446 513 584 568 Romanae
604 513 728 568 eonditor
745 514 828 568 arcis:

129 588 205 641 Haec
222 605 333 642 nemora
351 588 496 656 indigenae
516 589 601 643 Fauni
622 590 819 660 Nymphaeque
838 590 977 659 tenebant,

127 664 255 733 Gensque
273 665 360 730 virum
379 667 483 718 truncis
502 671 531 720 et
549 667 617 719 (1000
637 667 734 727 robore
753 672 825 734 nata,
942 681 978 720 000

127 740 194 803 Quis
210 758 305 809 neque·
315 757 373 793 0000
389 759 479 810 neque
495 743 584 796 cultus
599 747 665 811 crat,
683 761 733 798 nee
747 744 861 811 iungere
876 745 977 807 tauros,

127 817 187 868 Aut
205 832 355 885 conponere
373 834 439 885 opes
458 823 561 883 norant,
580 825 628 873 aut
646 835 758 887 parcere
774 822 863 888 parto,

125 891 181 944 Sed
199 894 267 945 rami
285 898 367 961 atque
386 910 465 962 asper
483 893 556 947 victu
574 899 687 947 venatus
704 895 802 948 alebat.

127 968 234 1022 Primus
251 969 286 1021 ab
304 970 427 1022 aetherio
445 970 520 1022 venit
539 971 671 1022 Saturnus
690 971 812 1038 Olympo,

126 1046 214 1096 Arma
233 1045 305 1096 lovis
324 1044 429 1110 fugiens
448 1048 477 1096 et
495 1045 584 1110 regnis
603 1044 679 1096 exsul
698 1045 839 1112 ademptis.
935 1058 977 1098 010

126 1119 156 1170 10
173 1136 259 1185 genus
276 1118 391 1171 indocile
409 1129 449 1170 ac'
460 1118 613 1186 dispersum
632 1120 769 1172 montibus
787 1117 849 1172 altis

125 1194 281 1261 Conposuit,
301 1194 429 1261 legesque
448 1193 533 1260 dedit,
554 1194 717 1262 Latiumque
736 1195 826 1247 vocari

124 1275 231 1342 Maluit,
250 1277 291 1327 his
311 1277 438 1344 qnoniam
457 1276 583 1330 latuisset
601 1281 677 1330 tutus
695 1279 722 1330 in
742 1278 802 1330 oris

126 1354 219 1404 Aurea
238 1356 308 1420 quac
326 1352 478 1419 perhibent,
496 1353 541 1406 illo
561 1352 611 1405 sub
630 1370 695 1422 rege
713 1355 790 1407 fuere

124 1427 249 1482 Saecula:
272 1429 309 1482 sic
326 1428 434 1497 placida
452 1430 564 1497 populos
582 1430 610 1483 in
629 1447 694 1498 pace
713 1430 840 1498 regebat;
938 1440 975 1484 az

125 1503 253 1556 Deterior
272 1504 357 1557 donec
375 1504 505 1573 paulatim
523 1522 555 1558 00
573 1506 682 1560 decolor
701 1512 776 1561 aetas

124 1580 161 1633 111
178 1580 242 1633 belli
262 1581 350 1635 rabies
368 1585 397 1634 et
415 1598 491 1634 amer
509 1584 637 1636 successit
656 1583 782 1637 habendi,

120 1658 191 1711 Turn
210 1674 305 1712 manus
325 1658 446 1711 Ausonia
464 1662 493 1712 01
511 1663 607 1727 gentes
626 1677 724 1714 venere
744 1661 863 1727 Sicanae,

123 1734 236 1802 Saepius
254 1739 283 1788 et
300 1752 398 1789 nomen
417 1736 508 1803 posuit
528 1735 655 1790 Saturnia
673 1737 768 1802 tellus;
883 1787 884 1790 ,

122 1809 190 1862 Tum
208 1827 287 1877 reges
305 1828 438 1880 asperque
456 1813 557 1865 inmani
576 1829 688 1882 0000000
707 1812 827 1880 Thybris,
936 1823 973 1864 mo

123 1885 149 1936 A
169 1903 222 1953 qno
240 1892 302 1953 pest
322 1887 386 1939 ltali
404 1887 515 1940 fluvium
533 1890 692 1955 cognomine
710 1887 838 1955 Thybrim

123 1960 262 2025 Diximus3
283 1963 375 2015 amisit
392 1979 486 2015 verum
504 1967 582 2016 vetus
602 1964 703 2017 Albula
720 1980 825 2016 nomen.

122 2035 169 2087 Me
187 2036 293 2102 pulsum
313 2037 402 2103 patria
419 2038 564 2104 pelagique
584 2042 707 2091 extrema
725 2040 885 2105 sequentem

123 2109 245 2162 Nortuna
263 2112 434 2178 omnipotens
454 2116 482 2164 et
501 2112 673 2165 ineluctabile
692 2113 777 2164 iatum

123 2185 176 2239 His
193 2202 309 2254 posuere
328 2186 399 2251 loeis,
418 2187 569 2254 matrisque
588 2204 669 2254 egere
687 2185 831 2241 tremenda
934 2201 971 2242 005

122 2261 275 2314 Carmentis
294 2262 437 2329 Nymphae
455 2263 558 2315 monita
576 2266 605 2315 et
623 2262 691 2315 deus
710 2266 805 2314 auctor
824 2261 930 2330 Apelle.

123 2337 176 2389 Vix
195 2355 226 2391 ea
244 2337 330 2391 dicta:
352 2337 449 2391 dehinc
467 2354 627 2405 progressus
645 2340 781 2392 monstrat
798 2341 829 2391 et
845 2354 920 2392 aram

123 2413 161 2465 111
178 2413 377 2467 Carmentalem
398 2414 513 2467 Romani
532 2413 638 2466 nemine
657 2417 763 2480 portam

122 2489 209 2553 Quam
218 2494 377 2555 memorant,
390 2489 531 2557 Nymphae
541 2488 660 2557 priscum
670 2488 823 2543 Carmentis
831 2489 969 2559 honorem,

122 2563 201 2617 Vatis
219 2565 353 2631 fatidicae,
373 2565 472 2616 cecinit
490 2580 560 2632 qnae
578 2564 665 2632 prima
683 2564 789 2618 futures
933 2580 970 2620 010

121 2640 266 2693 Aeneadas
284 2656 397 2707 magnos
415 2643 445 2693 et
463 2639 552 2693 nobile
571 2639 746 2694 Pallanteum.

122 2714 194 2768 Hinc
211 2716 302 2770 lucum
320 2716 468 2783 ingentem,
485 2733 564 2785 quem
586 2715 716 2770 Remulus
733 2733 796 2770 acer
814 2715 929 2784 Asylum

122 2790 242 2844 Rettulit
260 2795 288 2844 et
307 2790 398 2858 gelida
416 2794 549 2846 monstrat
568 2791 618 2845 sub
636 2808 705 2860 rupe
724 2791 865 2860 Lupercal,

122 2865 265 2919 Parrhasio
284 2866 388 2920 dictum
407 2867 495 2920 Panes
513 2867 548 2921 (10
566 2885 641 2922 merc
659 2866 763 2935 Lycaei.

121 2941 250 2995 Necnon
269 2946 298 2995 01
316 2943 384 2996 00001
402 2946 536 2998 monstrat
553 2960 648 2998 nemus
668 2941 795 3010 Argileti,
932 2955 968 2999 ³³6

120 3018 302 3086 Testaturque
320 3019 415 3086 locum,
433 3020 565 3074 01101000
584 3019 665 3073 decet
682 3017 797 3086 hospitis
816 3015 893 3086 Argi.

121 3095 194 3148 Hinc
212 3095 247 3148 ad
266 3095 407 3163 Tarpeiam
425 3095 518 3150 sedem
536 3099 565 3151 et
585 3093 720 3164 Capitolia
738 3092 822 3160 ducit,

121 3171 215 3286 01000091
232 3187 310 3236 0000,
328 3171 392 3225 elim
411 3171 581 3226 silvestribus
598 3169 710 3224 horrida
728 3167 825 3224 dumis.
