2032 3524
359 136 544 186 AENEIDOS
561 139 629 186 LIB.
649 141 698 188 IX.
721 159 724 163 ·
896 147 942 192 263

98 222 126 274 lt
144 223 246 276 elamor
262 222 329 276 totis
348 239 399 292 per
415 225 618 292 propugnacula
635 226 736 291 muris3

98 297 251 352 Intendunt
268 300 339 352 aeris
357 304 442 366 a'rous,
460 304 624 369 amentaque
642 305 780 371 torquent.
907 319 944 359 aso

97 373 237 427 Sternitur
255 391 334 428 omne
353 376 439 428 solum
458 377 535 441 telis3
557 379 617 430 tum
636 384 713 432 scuta
730 395 867 447 cavaeque
917 373 919 376 ⁴
972 415 975 420 -

97 449 171 503 Dant
189 451 307 504 sonitum
326 451 402 504 flictu
419 453 527 519 galeae3
548 471 640 522 pugna
657 471 754 523 aspera
771 455 873 522 surgit:

97 526 220 589 Quantus
238 525 273 578 ab
292 543 388 580 occasu
406 528 516 581 veniens
533 529 697 597 pluvialibus
717 529 823 583 Haedis
862 526 864 529 ’

97 600 234 654 Verberat
251 601 340 655 imber
357 603 486 669 humum3
509 623 591 673 quarn
608 607 694 658 multa
707 605 842 672 grandine
856 606 941 659 nimbi

98 676 131 728 In
144 676 213 730 vada
224 679 412 746 praecipitant,
424 696 486 733 cum
501 681 627 749 luppiter
638 681 766 735 horridus
778 681 879 734 austris
908 697 943 735 oro

97 751 218 820 Torquet
229 770 358 822 aquosam
370 755 487 808 hiemem
506 760 535 809 et
553 756 626 809 caelo
643 773 709 809 cava
724 757 817 810 nubila
831 759 943 825 rumpit.

132 829 273 882 Pandarus
292 834 321 882 et
340 830 435 898 Bitias,
455 832 539 884 ldaeo
559 832 693 885 Alcanore
710 833 786 900 creti,

96 903 170 967 Ques
189 905 262 958 lovis
280 906 377 959 eduxit
393 907 453 958 luco
471 907 604 960 silvestris
624 907 711 975 Iaera,

97 981 243 1034 Abietibus
262 983 373 1034 iuvenes
390 982 487 1048 patriis
505 986 534 1034 et
552 982 689 1034 montibus
707 1000 815 1052 aequos,

97 1056 215 1122 Portam,
235 1074 305 1123 quae
323 1057 400 1108 ducis
418 1057 523 1124 inperio
541 1057 691 1122 commissa,
709 1058 861 1123 recludunt,
907 1073 942 1112 675

97 1132 173 1184 Freti
190 1133 281 1198 armis,
299 1132 427 1198 ultroque
445 1132 563 1184 invitant
581 1132 722 1184 moenibus
740 1133 855 1186 hostem.

97 1207 154 1274 Ipsi
172 1207 245 1259 intus
265 1208 363 1259 dextra
381 1223 412 1258 ac
430 1207 506 1258 laeva
523 1223 573 1274 pro
592 1206 714 1260 turribus
732 1209 849 1276 adstant,

98 1284 205 1335 Armati
223 1283 295 1335 ferro
313 1287 342 1336 et
360 1283 448 1336 cristis
467 1283 557 1350 capita
575 1283 629 1335 alta
648 1285 763 1338 corusci:

96 1359 195 1422 Quales
215 1359 305 1416 aeriae
326 1359 459 1426 liquentia
477 1359 589 1410 flumina
608 1359 717 1427 circum,

95 1435 157 1488 Sive
179 1435 247 1487 Padi
266 1435 341 1503 ripis,
363 1435 490 1487 Athesim
510 1451 559 1486 seu
577 1439 689 1503 prepter
707 1453 859 1505 amoenum,
906 1451 942 1489 eso

62 1551 68 1557 .
97 1511 270 1579 Consurgunt
287 1511 411 1578 geminae
429 1528 544 1578 quercus
561 1511 722 1580 intonsaque
739 1513 813 1566 caelo

97 1586 237 1640 Attollunt
258 1588 348 1655 capita
366 1591 395 1640 et
415 1587 523 1640 sublimi
545 1588 647 1640 vertice
666 1592 770 1643 nutant

97 1663 268 1732 Inrumpunt,
289 1664 380 1717 aditus
400 1663 496 1716 Rutuli
515 1667 548 1718 ut
566 1663 660 1717 videre
680 1664 807 1733 patentis.

96 1738 230 1793 Continuo
251 1739 389 1803 Quercens
408 1743 437 1792 et
455 1739 568 1808 pulcher
588 1739 737 1807 Aquieolus
755 1740 839 1792 armis

99 1813 132 1866 ht
151 1832 281 1882 praeceps
302 1815 385 1868 animi
404 1816 517 1868 Tmarus
537 1818 564 1867 ct
587 1815 738 1868 Mavortius
758 1815 883 1868 Haemon
906 1829 942 1867 oso

97 1890 258 1956 Agminibus
278 1891 344 1943 totis
363 1894 412 1943 aut
430 1891 501 1943 versi
521 1894 600 1957 terga
618 1890 728 1956 dedere,

97 1966 156 2017 Aut
174 1966 232 2032 ipse
251 1969 346 2033 portae
365 1982 481 2033 posuere
502 1966 531 2016 in
550 1965 643 2017 limine
662 1965 752 2018 vitam.

96 2040 164 2092 Tum
180 2041 266 2107 magis
285 2040 440 2092 increscunt
459 2040 555 2092 animis
580 2039 750 2092 discordibus
767 2040 839 2103 irae3

96 2114 204 2168 Etiam
223 2115 330 2167 collecti
350 2115 432 2166 Troes
451 2115 637 2181 glomerantur
658 2113 762 2178 eodem,

96 2191 132 2242 Ilt
152 2191 274 2243 conferre
295 2207 404 2242 manum
423 2193 452 2242 ct
471 2205 631 2257 procurrere
650 2188 755 2255 longius
773 2188 883 2242 audent.
906 2203 943 2241 eac

130 2266 243 2320 Ductori
265 2266 363 2331 Turne,
381 2265 489 2318 diversa
509 2265 536 2316 in
556 2267 634 2331 parte
652 2263 754 2316 furenti

95 2342 282 2410 Turbantique
301 2341 380 2408 vires,
401 2341 540 2409 perfertur
560 2339 679 2404 nuntius,
698 2339 804 2393 hostem

96 2419 213 2472 Fervere
229 2418 312 2472 caede
332 2434 408 2484 nova,
428 2421 457 2470 et
476 2420 570 2485 portas
585 2415 719 2485 praebere
737 2417 865 2485 patentis.

95 2495 205 2548 Deserit
224 2496 371 2563 inceptum,
390 2497 474 2561 atque
493 2493 595 2545 inmani
616 2491 736 2545 concitus
754 2490 795 2544 ira

95 2571 261 2623 Dardaniam
280 2570 335 2623 ruit
360 2570 396 2622 ad
422 2572 529 2636 portam
550 2568 706 2635 fratresque
725 2569 864 2635 superbos.
907 2582 942 2620 oar

95 2647 130 2699 Et
149 2649 267 2715 primum
288 2646 466 2714 Antiphaten,
485 2645 509 2697 is
530 2644 650 2697 enimse
672 2643 776 2710 primus
796 2643 906 2711 agebat,

94 2721 223 2774 Thebana
244 2722 279 2775 de
298 2725 385 2774 matre
404 2720 519 2773 nothum
539 2719 702 2787 Sarpedonis
722 2718 779 2784 alti,

95 2798 222 2851 Coniecte
240 2798 339 2850 sternit
356 2796 457 2860 iaculo;
481 2795 554 2848 volat
574 2794 646 2847 Itala
664 2809 762 2846 cornus

96 2877 169 2926 Aera
186 2889 237 2940 per
255 2877 388 2939 tenerum,
404 2871 599 2939 stomachoque
617 2869 701 2922 infixa
719 2868 769 2921 sub
786 2869 872 2923 altum

97 2950 196 3002 Pectus
216 2949 289 3012 abit;
312 2948 407 3001 reddit
427 2964 522 3016 specus
540 2946 594 3000 atri
612 2945 729 2999 volneris
747 2945 848 2997 undam
904 2959 942 2999 700

95 3025 281 3092 Spumantem,
304 3028 332 3077 et
351 3025 406 3076 fixo
423 3024 527 3076 ferrum
544 3022 572 3076 in
587 3021 718 3091 pulmone
735 3020 860 3090 tepescit.

95 3100 163 3153 ‘lum
187 3100 328 3169 Meropem
356 3103 440 3170 atque
460 3099 609 3168 Erymanta
636 3112 727 3165 manu,
754 3099 815 3151 tum
842 3097 942 3152 sternit

166 3176 342 3245 Aphidnum:
