2032 3524
367 112 549 163 AlllNEIDOS
566 113 636 165 LIB.
655 117 719 164 XII,
931 121 975 166 335

128 192 243 259 Occidit,
261 192 448 264 occideritque
466 195 538 249 siuas
556 213 617 250 cum
636 197 743 251 nomine
762 199 848 252 'l'roia

127 269 181 322 Olli
199 270 344 324 subridens
362 272 501 325 hominum
520 289 669 341 rerumque
684 278 823 342 repertor:

125 345 162 398 Es
179 363 309 414 germana
327 347 401 401 Iovis
414 350 580 417 Saturnique
597 349 684 403 altera
701 350 803 418 proles:
937 365 974 406 aaa

126 421 233 476 Irarum
252 427 344 478 tantos
362 423 516 479 volvis'sub
534 430 644 494 pectore
663 426 775 481 fluctus!

126 498 228 554 Verum
246 518 297 568 age
315 505 344 556 et
361 504 499 571 Inceptum
518 503 622 556 frustra
640 501 772 556 submitte
788 504 922 560 furorem:

124 575 173 644 Do,
193 579 267 646 quod
285 579 332 646 vis,
350 582 380 633 et
397 596 441 632 me
459 580 602 648 vietusque
618 580 766 648 volensque
784 581 903 635 remitto.

124 651 281 707 Sermonem
301 655 416 708 Ausonii
435 656 552 723 patrium
572 671 717 724 moresque
734 655 874 722 tenebunt

123 727 218 797 thue
236 733 395 794 est‚n0meu
413 731 481 795 erit;
505 732 645 786 commixti
663 749 775 800 corpore
792 737 901 786 tantum
935 746 971 786 sse

124 803 271 859 Subsident
289 807 538 872 'l'eueri3-morem
557 808 682 876 ritusque
700 824 839 861 sacrorum

124 879 460 951 adiiciam-faciamque
479 883 565 935 onmis
583 899 637 936 uno
655 900 702 937 ore
720 884 839 937 Latinos.

124 954 195 1009 Hinc
212 974 297 1024 genus
317 959 438 1010 Ausonio
454 957 571 1010 mixtum
589 958 663 1025 quod
683 959 813 1024 sanguine
831 963 933 1026 surget

122 1030 210 1099 Supra
227 1032 356 1098 homines,
370 1049 452 1100 supra
469 1033 510 1086 ire
528 1033 594 1085 dcos
612 1033 715 1101 pietate
736 1033 850 1101 videbis,

120 1106 147 1159 N
149 1123 179 1160 ec
196 1124 263 1174 gens
280 1108 336 1160 ulla
353 1111 419 1163 tuos¹
433 1124 520 1175 acque
537 1107 688 1162 celebrabit
705 1109 829 1162 honores.
934 1125 971 1163 eso

122 1182 230 1235 Adnuit
241 1183 285 1236 his
304 1184 381 1250 Iuno,
400 1187 429 1237 et
447 1187 567 1237 mentem
585 1184 688 1238 laetata
706 1185 824 1238 retorsit.

122 1258 233 1316 Interea
250 1260 360 1313 excedit
376 1259 457 1326 caelo,
475 1259 631 1327 nubemque
649 1261 788 1328 relinquit.

156 1334 208 1387 llis
226 1335 293 1389 actis
311 1335 385 1388 aliud
405 1335 519 1388 Genitor
538 1352 628 1388 seeum
647 1337 706 1403 ipse
724 1335 836 1403 volutat,

121 1410 319 1478 Iuturnamque
336 1415 417 1479 parat
434 1410 527 1463 fratris
545 1411 686 1465 dimittere
704 1411 739 1464 ab
758 1411 848 1465 armis.

120 1484 254 1538 Dicuntur
271 1487 395 1555 geminae
412 1491 505 1554 pestes
523 1488 683 1554 cognomine
701 1487 792 1554 Dirae,
931 1503 968 1541 ⁸45

120 1560 193 1623 Quas
211 1567 240 1615 et
259 1563 417 1615 Tartaream
436 1562 499 1614 Nox
511 1562 676 1630 intempeste
695 1563 852 1631 Megaeram

118 1635 180 1688 Uno
198 1638 350 1706 eodemque
368 1638 433 1692 tulit
450 1641 538 1706 partu,
556 1638 723 1708 paribusque
740 1639 860 1693 revinxit

118 1711 280 1781 Serpentum
299 1714 387 1782 spiriS,
405 1718 585 1782 ventosasque
603 1715 712 1768 addidIt
730 1715 802 1770 alas:

118 1788 180 1842 Hae
198 1789 273 1843 Iovis
290 1790 326 1842 ad
345 1790 441 1843 solium
461 1792 588 1856 saevique
607 1790 635 1842 in
653 1791 747 1843 limine
764 1790 837 1857 regis

118 1865 269 1933 Adparent,
288 1870 442 1934 acuuntque
461 1868 564 1918 metum
583 1865 743 1918 mortalibus
762 1866 859 1933 aegriS,
929 1883 966 1923 eto

117 1940 145 1993 Si
164 1939 272 2008 quando
291 1941 377 1993 letum
395 1941 551 1992 horrificum
571 1941 733 2009 morbosque
751 1941 833 1994 deum
851 1959 901 1996 rex

116 2016 236 2082 Molitur,
256 2016 368 2068 meritas
386 2023 434 2067 aut
453 2016 524 2067 bello
542 2017 653 2069 territat
670 2015 760 2069 urbes.

118 2091 223 2144 Harum
241 2108 322 2144 unam
340 2092 456 2143 celerem
475 2091 586 2144 demisit
604 2091 640 2143 ab
658 2091 770 2144 aethere
789 2109 894 2148 summo

117 2168 248 2236 Iuppiter,
266 2167 349 2236 inque
367 2183 445 2219 omen
465 2165 596 2220 Iuturnae
614 2182 756 2220 occurrere
772 2166 858 2221 iussit.

117 2243 167 2297 llla
185 2245 265 2311 volat,
284 2244 419 2311 celerique
437 2242 473 2294 ad
491 2245 593 2295 terram
612 2241 722 2295 turbiue
739 2243 833 2295 fertur.
926 2258 962 2295 ess

115 2318 176 2371 Non
194 2337 278 2386 secus,
297 2337 329 2372 ae
340 2335 429 2381 ¹nervo
447 2335 496 2386 per
513 2317 614 2370 nubem
631 2316 739 2385 inpulsa
757 2318 863 2385 sagitta,

114 2394 256 2448 Armatam
275 2395 348 2449 saevi
368 2394 487 2448 Parthus
504 2409 587 2461 quam
604 2393 668 2446 felle
686 2393 789 2457 veneni,

115 2469 239 2539 Parthus,
258 2472 315 2525 sive
334 2471 434 2539 Cydon,
453 2470 539 2524 telum
566 2468 762 2537 inmedicabile,
780 2469 867 2532 torsit

113 2545 238 2600 Stridens
256 2551 285 2602 ct
303 2547 398 2601 celeris
415 2546 552 2613 incognita
570 2545 688 2599 transilit
706 2544 829 2598 umbras:

112 2621 185 2675 'l'alis
203 2640 232 2676 se
250 2628 308 2677 sata
326 2624 352 2676 N
354 2627 415 2678 octe
432 2623 504 2686 euru,
523 2625 667 2688 terrasque
684 2620 790 2689 petivit.
923 2636 960 2674 eoo

114 2696 260 2765 Postquam
278 2700 349 2753 acies
368 2699 444 2752 videt
463 2698 561 2750 Iliacas
579 2700 664 2764 atque
682 2697 790 2764 agmina
808 2695 899 2764 Turni,

112 2772 196 2826 Alitis
214 2773 242 2824 in
259 2790 358 2841 parvae
376 2774 495 2828 subitam
513 2772 627 2825 collecta
644 2771 768 2838 figuram,

112 2847 187 2911 Quae
206 2850 343 2915 quondam
360 2850 388 2903 in
405 2850 494 2904 bustis
512 2852 561 2900 aut
578 2847 740 2900 culminibus
758 2848 875 2902 desertis

111 2923 198 2976 Nocte
217 2924 316 2977 sedens
334 2941 425 2978 serum
443 2924 515 2978 canit
534 2924 679 2991 inportuna
696 2941 746 2992 per
763 2922 889 2994 umbras;

111 2999 191 3052 Hanc
209 3000 332 3060 versain
350 3000 446 3054 faelem
465 2999 549 3053 'Iurui
567 3015 597 3052 se
615 3001 700 3067 pestis
717 2999 752 3053 ob
771 3016 819 3052 ora
921 3014 956 3052 aas

110 3073 237 3143 Fertque.
249 3075 390 3145 refertque
408 3092 513 3144 sonans,
530 3074 702 3144 clipeumque
720 3074 863 3130 everberat
881 3073 936 3128 alis

111 3150 155 3203 Illi
173 3150 296 3205 membra
313 3168 397 3205 novus
415 3152 495 3204 solvit
512 3150 657 3204 formidine
674 3157 775 3220 torpor,
