2032 3524
355 108 535 156 AENEIDOS
552 107 621 156 LIB.
641 107 721 156 VIII.
910 111 957 157 239

111 194 170 247 Rex
188 193 263 261 prior
280 192 360 246 haec:

109 271 239 323 Maxume
252 269 416 322 Teucrorum
430 265 534 335 ductor,
546 283 601 335 quo
614 266 716 335 sospite
729 283 878 335 numquam
918 279 957 319 ae

109 345 165 398 Res
184 346 311 414 equidem
329 345 425 398 'l'reiae
443 345 528 397 victas
545 347 593 396 aut
611 360 694 411 regna
711 343 824 410 fatebor,

109 422 195 475 Nebis
213 421 248 474 ad
267 420 331 474 belli
350 420 478 473 auxilium
497 420 671 488 prenomine
691 423 769 472 tanto

108 499 230 567 Exiguae
249 499 333 551 vires:
355 497 417 549 hinc
435 497 521 549 Tusce
539 495 691 548 claudimur
709 496 789 562 amai,

109 576 181 629 Hinc
200 576 319 628 Rutulus
337 575 444 642 premit,
463 578 492 627 et
510 589 618 625 murum
638 572 817 626 circumsonat
835 573 924 641 armis,

108 653 163 706 Sed
181 652 231 705 tibi
250 668 301 718 ego
318 651 436 718 ingentis
454 650 567 719 populos
587 651 769 718 opulentaque
787 650 878 718 regnis
919 664 958 705 am

108 730 226 795 iungere
244 731 333 780 castra
351 744 424 795 paro,
444 743 526 795 quam
543 727 599 779 fers
617 726 727 794 inopina
745 727 860 779 salutem

108 805 243 858 Ostentat.
281 805 356 857 Fatis
374 803 427 856 huc
445 808 474 856 te
493 803 666 872 poscentibus
685 805 782 857 adfers.

109 881 191 933 Haud
210 881 302 949 procul
321 880 384 932 hine
404 897 468 933 saxo
488 879 613 931 incolitur
634 879 750 949 fundata
767 884 877 933 vetusto

108 957 190 1010 Urbis
210 958 353 1024 Agyllinae
372 956 458 1022 sedes,
477 956 524 1007 uhi
543 955 628 1022 Lydia
647 957 783 1023 quondam

108 1037 187 1099 (lens,
206 1033 278 1085 bello
296 1033 442 1099 praeclara,
461 1032 531 1098 iugis
549 1031 651 1083 insedit
672 1033 799 1086 Etruscis,
918 1049 956 1088 ase

108 1110 187 1161 Hane
205 1108 306 1160 multos
324 1107 465 1158 florentem
484 1122 566 1158 annos
584 1123 633 1158 rex
652 1107 751 1160 deinde
769 1108 886 1176 superbo

110 1185 217 1251 inperio
236 1188 264 1235 et
282 1182 369 1234 saevis
388 1182 478 1233 tenuit
498 1182 649 1234 Mezentius
667 1183 756 1235 armis.

108 1260 180 1322 Quid
199 1274 346 1311 memorem
365 1257 489 1309 infandas
509 1257 612 1323 caedes,
632 1258 697 1326 quid
717 1259 789 1312 facta
805 1261 913 1328 tyranni

109 1336 212 1387 Effera?
235 1334 262 1385 di
281 1334 362 1401 capiti
379 1334 464 1401 ipsius
482 1333 630 1401 generique
649 1340 803 1389 reservent!

108 1412 217 1464 Mortua
235 1411 299 1479 quin
318 1411 400 1463 etiam
418 1410 548 1477 iungebat
567 1427 680 1479 corpora
698 1411 772 1480 aivis,
918 1427 956 1467 aas

108 1488 269 1555 Conponens
287 1486 466 1554 manibusque
485 1503 579 1539 manus
599 1491 682 1554 atque
700 1488 792 1542 eribus
810 1506 865 1556 ora,

108 1564 246 1616 Tormenti
264 1581 358 1631 genus,
377 1567 405 1617 et
424 1564 497 1616 sanie
516 1563 636 1632 tabeque
655 1565 764 1618 fluentis

108 1641 247 1708 Conplexu
265 1640 292 1692 in
311 1640 409 1693 misero
427 1639 508 1708 longa
526 1640 562 1692 sie
581 1645 668 1694 morte
687 1642 808 1696 necabat.

109 1717 147 1769 At
165 1717 228 1769 fessi
246 1716 358 1770 tandem
376 1717 448 1770 cives
466 1717 578 1770 infanda
595 1717 729 1771 furentem
803 1735 805 1740 ·

109 1794 217 1846 Armati
236 1794 437 1847 circumsistunt
456 1795 599 1862 ipsumque
619 1795 791 1864 domumque,
919 1811 955 1850 eae

107 1869 279 1922 Obtruncant
297 1870 389 1936 socios,
408 1871 499 1937 ignem
518 1871 553 1922 ad
571 1871 680 1938 fastigia
698 1872 808 1924 iactant.

109 1938 159 1996 Ille
175 1946 248 1997 inter
266 1946 376 1998 caedem
397 1945 560 1998 Rutulorum
582 1947 689 2014 elapsus
707 1947 734 1998 in
752 1964 832 2014 agros

108 2020 266 2085 Confugere,
285 2023 313 2071 et
331 2020 414 2072 'lurni
434 2020 577 2072 defendier
595 2021 709 2086 hospitis
728 2023 816 2074 armis.

108 2096 178 2162 Ergo
198 2095 283 2146 omnis
300 2096 378 2147 iuriis
397 2097 515 2148 surrexIt
534 2096 646 2149 Etruria
663 2097 754 2160 iustis;

109 2172 212 2237 Regem
231 2171 266 2223 ad
286 2171 445 2238 supplicium
465 2172 601 2238 praesenti
622 2172 713 2224 Marte
731 2177 883 2240 reposcunt.
919 2189 955 2228 les

109 2248 160 2298 llis
179 2263 230 2313 ego
248 2250 284 2311 te,
305 2249 406 2314 Aenea,
427 2247 568 2299 duetorem
587 2246 697 2298 milibus
715 2247 822 2300 addam.

107 2325 175 2376 Toto
193 2340 311 2391 namque
329 2324 448 2376 fremunt
466 2323 617 2375 condensae
636 2323 714 2376 litere
732 2340 845 2392 puppes,

108 2400 244 2467 Signaque
262 2400 335 2453 ferre
351 2399 460 2463 iubent;
482 2399 582 2451 retinet
600 2399 746 2466 longaevus
764 2400 900 2470 haruspex

109 2476 177 2528 Fata
195 2493 307 2530 canens:
328 2476 351 2527 Ο
371 2475 511 2527 Maeoniae
530 2473 637 2527 delecta
655 2474 788 2544 iuventus,

108 2552 171 2605 Flos
183 2557 307 2606 veterum
319 2553 461 2619 virtusque
474 2551 568 2618 virum,
580 2568 648 2619 quos
660 2552 748 2605 iustus
760 2553 788 2606 in
800 2554 907 2609 hostem
918 2569 956 2610 fiee

109 2629 174 2682 Fert
193 2629 270 2681 dolor
288 2633 317 2680 ct
334 2628 433 2680 merita
451 2626 575 2680 accendit
594 2627 745 2682 Mezentius
762 2630 809 2697 ira,

108 2705 182 2756 Nulli
200 2705 241 2756 fas
262 2705 333 2757 Italo
351 2708 457 2757 tantam
478 2704 640 2772 subiungere
657 2709 782 2772 gentem:

109 2782 244 2834 Externos
262 2785 357 2850 optate
375 2781 465 2834 duces.
503 2781 571 2834 Tum
591 2782 705 2835 Etrusca
723 2783 828 2836 resedit

110 2857 169 2909 Hoc
187 2858 258 2910 acies
276 2858 377 2926 corripe,
395 2858 505 2911 monitis
522 2859 654 2912 exterrita
672 2860 768 2911 divom.
835 2866 838 2871 ⁴

110 2935 173 3001 lpse
191 2938 312 2986 oratores
330 2934 365 2987 ad
383 2952 427 2988 me
444 2935 576 3004 regnique
594 2952 719 2988 coronam
918 2950 955 2992 soe

108 3011 175 3062 Cum
195 3014 303 3079 sceptro
321 3011 395 3065 misit
412 3013 578 3082 mandatque
596 3011 711 3079 insignia
729 3011 859 3079 Tarchon,

108 3085 379 3156 Succedameastris,
398 3088 588 3158 Tyrrhenaque
606 3105 691 3156 regna
708 3105 854 3157 capessam.

107 3161 160 3216 Sed
181 3163 246 3216 mihi
264 3164 345 3218 tarda
361 3165 425 3230 gela
443 3166 591 3236 saeclisque
608 3165 690 3219 effeta
708 3169 832 3222 senectus
