2034 3944
76 120 120 166 110
309 115 337 164 P.
358 112 509 162 vanem
526 112 690 162 MARONIS

74 198 217 265 decipiens
236 197 353 249 sonitum
372 195 429 246 saxi
447 194 482 246 de
500 193 601 246 vertice
618 196 717 261 pastor.

74 275 140 325 Tarm
160 290 223 325 vere
243 273 385 324 nmniiesta
405 271 480 333 fides,
502 270 679 336 Danaumque
697 272 842 337 patewunt

76 351 200 402 insidiae.
241 350 299 400 lam
319 347 453 415 Deiphobi
473 346 551 399 dedit
569 347 659 415 ampla
675 346 781 400 ruinam
855 356 858 361 '
883 352 937 405 ne'

77 428 192 478 l'olcano
212 427 359 492 superante
376 423 481 490 domus,
500 424 554 477 iam
572 437 720 490 proxumus
737 421 817 477 aaut

75 503 226 568 lloalegon3
246 501 326 567 Sigea
344 501 400 568 igni
418 500 490 553 lrota
508 501 565 554 laia
583 500 712 554 relucent.

74 579 203 631 Exoritur
221 578 377 646 clamorque
395 576 483 632 virum
500 577 666 646 clangorque
682 578 818 632 tubarum.

75 657 161 707 Arma
179 671 271 707 amens
289 653 367 722 capio
373 675 380 720 3
397 670 448 708 uec
465 656 509 708 sat
526 653 638 707 rationis
655 653 683 706 in
700 655 797 721 emtis;

75 731 128 783 Sed
140 732 291 798 glomerare
303 746 412 783 manum
424 730 496 784 bello
508 735 537 784 et
548 746 709 785 concurrere
719 731 748 784 in
764 746 856 784 arcem
887 746 923 787 ns

75 809 142 859 Cum
161 808 239 859 sociis
257 806 356 859 ardent
373 807 470 872 animi3
487 805 564 859 furor
580 806 675 874 iraque
692 810 812 861 mentem

77 883 266 950 Praecipitant,
286 882 482 952 pulchrumque
499 881 567 935 meri
586 883 719 937 succurrit
735 882 763 935 in
781 882 870 936 armis

111 960 178 1011 Eece
197 963 289 1011 atatem
307 958 371 1012 telis
391 957 512 1012 Panthus
529 958 637 1026 elapsus
656 957 797 1026 Achivom,

76 1036 197 1088 Panthus
217 1035 377 1103 Othryades,
395 1035 465 1089 areis
483 1034 641 1105 Phoebique
659 1035 792 1100 sacerdos,

76 1115 157 1163 Sacra
175 1129 255 1165 mauu
273 1112 414 1181 victosque
432 1110 498 1166 deos
515 1127 684 1181 parvumque
702 1115 830 1181 nepotem
887 1124 924 1164 aa

78 1189 139 1255 lpse
158 1189 250 1255 trahit,
269 1204 405 1256 cursuque
423 1200 517 1242 amens
535 1187 571 1241 ad
589 1186 682 1242 limine
697 1187 796 1242 tendit

76 1266 134 1326 Quo
148 1282 190 1316 res
204 1282 309 1316 sutmna
321 1264 386 1331 loeo,
400 1263 526 1318 Panthul
544 1280 626 1333 quam
642 1263 800 1331 prendimus
816 1263 925 1317 sreeuss

77 1341 130 1392 Vix
149 1358 181 1393 ea
201 1341 272 1392 fatus
291 1357 373 1406 eraut,
391 1340 495 1406 gemitu
513 1356 575 1393 eum
591 1340 658 1393 talia
674 1339 780 1393 reddit:

77 1417 159 1469 Venit
178 1431 282 1467 summa
300 1415 359 1467 dies
377 1419 406 1468 ot
424 1415 597 1469 ineluctabile
616 1419 724 1485 tempus

76 1491 237 1545 Dardaniae.
276 1490 388 1543 Fuimus
406 1490 497 1558 Troes,
514 1491 567 1545 fuit
586 1491 668 1545 Ilium
685 1496 716 1548 et
732 1493 830 1560 iugens
888 1504 926 1545 333

76 1569 168 1622 Gloria
187 1569 365 1632 Terreromn13
384 1567 458 1620 ferus
476 1568 566 1621 omnia
586 1569 712 1637 Iuppiter
730 1569 820 1637 Argos

76 1645 238 1697 Transtulit:
256 1645 366 1696 incensa
385 1643 472 1697 Danai
491 1643 667 1698 dominantur
684 1644 805 1699 inurbo.

77 1722 189 1773 Arduus
207 1723 326 1772 armatos
343 1719 440 1773 mediis
457 1720 485 1772 iu
503 1720 643 1774 moenibus
661 1721 772 1774 adstans

77 1796 179 1849 Fundit
197 1812 290 1864 equus,
309 1795 451 1864 victorque
469 1796 553 1849 Sinon
570 1796 695 1850 incendia
711 1797 807 1851 miscet

77 1871 223 1925 Insultans.
261 1871 351 1923 Portis
369 1870 415 1923 alii
432 1870 621 1940 bipatentibus
638 1871 746 1940 adsunt,
891 1886 929 1929 Μ

77 1949 153 2002 Milia
172 1953 238 2017 quot
257 1948 361 2015 magnis
379 1963 509 2016 umquam
528 1964 627 2002 venere
646 1947 781 2016 Mycenis;

77 2025 218 2077 Obsedero
237 2025 281 2076 alii
300 2024 362 2077 telis
381 2026 496 2092 angusta
514 2024 618 2078 tiorum

77 2100 216 2169 Oppositi;
235 2106 290 2154 stat
308 2101 374 2153 serri
393 2101 464 2154 acies
482 2118 611 2155 mucrone
629 2120 739 2157 corusce

78 2177 184 2244 Strieta,
203 2181 298 2246 parata
317 2177 389 2240 neei;
408 2178 452 2230 vix
469 2178 551 2246 primi
570 2179 671 2246 proelia
688 2180 826 2246 temptant

79 2253 223 2306 Portarum
244 2254 347 2320 vigiles
368 2258 397 2306 ot
414 2271 494 2307 caeco
513 2255 605 2307 Marte
624 2255 769 2307 resistunt·
894 2267 931 2306 333

78 2329 186 2381 Talibus
206 2329 365 2401 Othryadae
386 2329 465 2381 dietis
485 2333 513 2382 et
531 2331 640 2382 numine
660 2330 749 2382 divom

79 2405 112 2456 ln
131 2405 253 2456 flarnmas
273 2409 301 2455 et
320 2405 347 2455 iu
366 2421 441 2456 arura
459 2405 540 2471 feror,
559 2422 613 2474 quo
632 2405 720 2458 tristis
739 2406 842 2473 Erinys,

79 2479 137 2542 Quo
157 2480 281 2530 fremitus
301 2483 380 2532 vocat
398 2485 426 2532 et
446 2480 569 2533 sublatus
587 2481 623 2533 ad
641 2481 753 2533 aethera
771 2481 878 2534 elamor.

79 2554 195 2607 Addunt
215 2571 243 2606 se
263 2555 348 2606 socies
368 2556 490 2624 Rhipeus
509 2559 538 2608 et
555 2573 698 2609 maxumus
716 2559 799 2609 armis

80 2631 190 2698 Epytus,
209 2629 292 2682 oblati
311 2647 361 2697 por
379 2632 477 2697 lunam,
499 2633 678 2700 Hypanisque
699 2633 861 2702 Dymasque,
895 2647 932 2686 ate

80 2705 117 2759 ut
133 2705 213 2759 lateri
231 2704 418 2770 adglomerant
436 2712 536 2770 nestro,
556 2709 713 2774 iuvenisque
732 2708 879 2774 Coroebus,

79 2780 266 2850 Mygdonides.
305 2781 363 2834 illis
381 2783 417 2834 ad
436 2782 543 2835 Troiam
562 2785 634 2836 forto
654 2785 750 2839 diebus

80 2857 208 2924 Venerat,
224 2857 318 2910 insano
337 2857 507 2910 Cassandrae
523 2860 647 2912 incensus
666 2877 764 2929 aluere,

79 2932 117 2987 ut
133 2948 219 3000 gener
236 2932 365 2986 auxilium
386 2933 494 2985 Priamo
515 2933 720 3002 Phrygibusque
739 2937 853 3004 serebat,

80 3007 188 3074 Infelix,
208 3009 256 3078 qui
275 3025 327 3060 nen
347 3024 460 3076 sponsae
478 3013 625 3075 praecepta
642 3010 758 3065 furentis
897 3025 933 3066 att

81 3083 220 3140 Audierit.

79 3158 154 3226 Quos
170 3160 218 3214 ubi
236 3162 372 3215 confertos
389 3159 492 3215 audere
508 3159 536 3212 in
553 3156 659 3226 proclia
676 3161 739 3222 vidi,
