2032 3524
79 130 127 176 294
307 124 336 173 P.
365 122 512 171 venem
534 120 701 171 MARONIS

81 208 121 261 ht
138 222 191 260 non
209 204 368 259 Euandrum
385 203 459 273 potis
476 207 521 259 est
538 204 579 257 vis
596 202 652 257 ulla
668 206 781 264 tenore;

80 283 135 337 Sed
152 283 228 335 venit
246 282 274 334 in
292 280 404 334 medios.
439 280 555 335 Feretro
574 279 698 333 Pallanta
715 278 826 347 reposto

80 358 229 413 Procubuit
240 374 329 425 snper,
342 360 427 425 atque
438 356 534 410 haeret
545 356 744 423 lacrimansque
751 370 926 425 gemensque,

79 436 116 488 llt
133 435 177 486 ria
195 434 241 485 rix
258 432 370 486 uiridem
388 432 447 486 roei
465 432 557 486 laxata
574 431 668 485 dolore
685 435 744 485 est:
894 446 928 485 ιιι

78 511 140 564 Non
159 511 232 573 haee
249 526 266 561 o
286 508 369 575 Palla,
388 508 506 562 dederas
524 508 658 577 promissa
674 506 789 576 parenti,

78 586 193 640 Cautius
210 588 242 638 ut
260 601 340 637 saevo
359 584 442 637 velles
460 587 489 637 te
507 583 621 637 eredere
638 583 732 641 Marti.

80 662 163 714 Haud
181 661 292 728 ignarus
310 676 393 726 eram,
411 663 544 727 quantum
562 675 632 713 nova
648 658 736 726 gloria
752 658 781 710 in
798 656 884 711 armis

79 739 115 792 Et
132 737 278 806 praedulce
296 736 380 789 decus
397 735 486 803 primo
504 736 654 789 certamino
670 737 770 803 posset.
893 749 929 789 tto

80 813 220 866 Primitiae
235 812 345 865 irruenis
362 811 486 876 miserae,
504 810 625 879 bellique
644 808 790 879 propinqui

79 889 154 941 llnra
170 887 339 941 rudimenta!
365 891 394 940 et
411 886 479 940 nulli
497 886 625 941 exaudita
642 885 756 939 deorum

81 964 150 1017 Vota
164 980 312 1032 precesque
330 966 421 1016 rneael
445 966 539 1030 tuque,
557 978 574 1015 o
591 961 760 1015 sanctissima
776 961 901 1029 coniunx,

78 1040 155 1093 Felix
173 1044 263 1093 morte
281 1043 337 1103 tua,
355 1055 445 1107 neque
463 1038 490 1091 in
508 1038 579 1091 hune
597 1040 705 1091 servata
722 1037 858 1092 dolorem!

78 1120 181 1169 l'orrtra
199 1133 250 1184 ego
269 1115 384 1168 virendo
403 1114 454 1167 rici
472 1130 534 1169 mea
550 1114 615 1179 fata,
633 1117 772 1181 superstes
892 1126 930 1167 ιω

79 1193 222 1246 llostarem
239 1196 272 1245 nt
289 1192 404 1258 genitor.
442 1191 543 1243 Troum
561 1190 634 1243 socia
651 1205 728 1242 arma
745 1192 870 1243 secutum

77 1268 232 1321 obruerent
250 1267 346 1319 Rutuli
364 1267 441 1320 telis!
460 1266 578 1319 animam
595 1266 654 1335 ipse
671 1265 817 1331 dedissem,

79 1347 172 1411 Atque
184 1343 252 1396 haee
264 1359 362 1411 pompa
375 1342 486 1395 domam
498 1358 550 1408 mo,
563 1357 617 1395 non
631 1341 764 1407 Pallanta,
776 1342 910 1397 referret!

77 1420 135 1471 lloc
152 1436 200 1472 ros
218 1419 362 1486 arguerim,
380 1418 483 1481 Teucri,
501 1434 552 1471 nee
569 1417 687 1481 foedera,
705 1434 756 1471 nee
773 1433 843 1485 quas

78 1496 221 1547 iunximus
238 1494 356 1562 hospitio
374 1494 501 1559 dextrns;
525 1510 584 1546 sors
602 1494 655 1548 ista
673 1497 799 1548 senectae
892 1509 930 1549 ιω

80 1571 179 1623 bobia
197 1574 257 1623 erat
275 1574 391 1623 nostrae.
428 1569 508 1634 Quod
526 1570 549 1622 si
567 1570 705 1624 inmatura
721 1569 850 1625 manebat

78 1647 153 1700 Mors
170 1649 291 1713 gnatum,
310 1647 397 1698 eaesis
417 1646 578 1699 Volscorum
597 1645 706 1698 milibus
724 1649 789 1700 ante

79 1724 230 1775 Ducentem
248 1722 276 1774 in
295 1721 405 1775 Latium
424 1722 542 1775 Teucros
560 1721 691 1775 cecidisse
707 1722 821 1777 iuvaret.

78 1800 149 1862 Quin
167 1815 219 1866 ego
237 1814 290 1850 nou
309 1798 361 1850 alio
380 1798 478 1866 digner
494 1802 524 1851 te
542 1798 643 1862 funere,
662 1797 745 1866 Palla,

78 1876 164 1938 Quam
175 1875 236 1941 pins
249 1875 365 1941 Aeneas,
377 1878 406 1927 et
415 1890 497 1942 qnam
509 1874 600 1942 magni
614 1873 744 1942 Phryges,
755 1878 786 1929 et
796 1890 880 1943 quam
891 1888 929 1930 1⁷⁰

78 1950 262 2017 Tyrrhenique
280 1949 371 2015 ducos,
391 1950 559 2018 Tyrrhenum
577 1949 715 2004 exereitus
731 1950 827 2003 omnis.

78 2027 178 2092 Magna
195 2030 308 2093 tropaea
325 2025 424 2092 ierunt,
442 2042 511 2093 quos
528 2026 578 2079 dat
595 2029 645 2079 tua
662 2025 778 2079 dextera
794 2026 866 2092 leto;

78 2103 118 2154 Tu
137 2118 244 2170 qnoque
263 2118 334 2154 nune
352 2105 439 2154 stares
457 2102 574 2155 inmanis
591 2105 704 2155 truncus
721 2101 750 2155 in
767 2102 860 2169 armis,

80 2180 160 2232 Esset
177 2195 227 2246 par
244 2182 320 2231 achis
339 2183 367 2230 et
385 2178 458 2230 idern
477 2178 499 2230 si
518 2178 601 2231 robur
618 2178 653 2231 ab
671 2178 755 2244 annis,

78 2255 174 2307 Turno.
210 2254 265 2307 Sed
283 2254 376 2306 infelix
394 2254 511 2306 'seueros
529 2253 597 2321 quid
614 2253 741 2307 demoror
757 2255 858 2310 armisl
891 2270 923 2317 ln

79 2331 181 2383 l'adito
199 2333 228 2383 et
245 2330 312 2382 haec
331 2345 464 2382 metueres
481 2329 539 2396 regi
557 2329 686 2383 mandata
702 2330 819 2385 referte:

79 2407 157 2469 Quod
176 2406 260 2459 vitam
278 2422 369 2457 moror
387 2405 508 2472 invisam,
528 2405 652 2460 Pallante
669 2410 819 2479 perempte,

79 2483 201 2535 Dextera
217 2497 312 2533 caussa
329 2486 377 2533 tua
396 2486 446 2546 ost,
464 2482 585 2533 Tamum
602 2486 740 2551 gnatoque
756 2483 883 2553 patrique

79 2559 165 2621 (huno
183 2557 285 2611 debore
303 2556 386 2610 rides.
422 2558 531 2610 Meritis
548 2562 626 2611 vacat
643 2557 687 2611 hic
703 2558 756 2611 tibi
773 2559 848 2614 solur

81 2635 270 2701 Fortunaeque
288 2633 369 2685 locus.
406 2634 467 2685 Non
486 2634 559 2687 vitae
575 2633 676 2700 gaudia
693 2651 810 2705 quaero,

79 2710 103 2762 N
106 2726 136 2763 ee
155 2710 209 2773 fas;
229 2708 276 2763 sed
295 2713 377 2776 gnato
396 2709 486 2762 Manis
503 2710 626 2776 perferre
643 2710 694 2763 sub
711 2711 787 2765 imos
859 2708 863 2713 ⁴

114 2788 223 2838 Aurora
239 2785 344 2839 interea
361 2785 468 2838 miseris
486 2785 648 2838 mortalibus
665 2786 763 2840 almam

79 2861 223 2914 llxtulerat
240 2861 335 2927 lucem,
353 2860 475 2913 reserens
492 2877 574 2928 opera
591 2864 675 2930 atque
693 2862 814 2919 laboresr

81 2937 139 2988 lam
157 2939 237 3003 pater
256 2938 371 3001 Aeneas,
389 2936 442 2987 iam
461 2952 543 2989 curve
561 2937 687 2993 inlitora
706 2938 828 2992 Tarchon

79 3012 253 3064 Constituere
271 3028 361 3080 pyras.
398 3012 460 3064 llne
478 3028 592 3079 corpora
610 3013 727 3081 quisque
745 3030 857 3069 silerum
891 3030 929 3071 let

79 3087 157 3140 More
174 3087 263 3140 tulere
281 3092 406 3155 patrnm3
427 3087 612 3156 subiectisque
630 3090 739 3157 ignibus
756 3090 826 3147 atur

79 3159 214 3217 Conditor
231 3162 260 3215 in
278 3163 406 3218 tenebras
423 3163 509 3219 altum
527 3162 643 3233 ealigine
659 3166 771 3223 eaelum.
