<?xml version="1.0" encoding="UTF-8"?>
<!DOCTYPE html PUBLIC "-//W3C//DTD XHTML 1.0 Transitional//EN"
    "http://www.w3.org/TR/xhtml1/DTD/xhtml1-transitional.dtd">
<html xmlns="http://www.w3.org/1999/xhtml" xml:lang="en" lang="en">
 <head>
  <title>
</title>
<meta http-equiv="Content-Type" content="text/html;charset=utf-8" />
  <meta name='ocr-system' content='tesseract 3.04.00' />
  <meta name='ocr-capabilities' content='ocr_page ocr_carea ocr_par ocr_line ocrx_word'/>
</head>
<body>
  <div class='ocr_page' id='page_1' title='image "./publivergilimar01virggoog/publivergilimar01virggoog_0288.png"; bbox 0 0 2032 3524; ppageno 0'>
   <div class='ocr_carea' id='block_1_1' title="bbox 376 119 967 174">
    <p class='ocr_par' dir='ltr' id='par_1_1' title="bbox 376 119 967 174">
     <span class='ocr_line' id='line_1_1' title="bbox 376 119 967 174; baseline 0.014 -8"><span class='ocrx_word' id='word_1_1' title='bbox 376 119 561 170; x_wconf 82' lang='lat' dir='ltr'>AENEIDOS</span> <span class='ocrx_word' id='word_1_2' title='bbox 578 121 646 170; x_wconf 90' lang='lat' dir='ltr'>LIB.</span> <span class='ocrx_word' id='word_1_3' title='bbox 668 122 701 171; x_wconf 86' lang='lat' dir='ltr'><strong>X.</strong></span> <span class='ocrx_word' id='word_1_4' title='bbox 919 125 967 174; x_wconf 78' lang='grc'><strong>279</strong></span> 
     </span>
    </p>
   </div>
   <div class='ocr_carea' id='block_1_2' title="bbox 111 199 968 3080">
    <p class='ocr_par' dir='ltr' id='par_1_2' title="bbox 118 199 846 268">
     <span class='ocr_line' id='line_1_2' title="bbox 118 199 846 268; baseline 0.007 -14"><span class='ocrx_word' id='word_1_5' title='bbox 118 200 179 254; x_wconf 92' lang='lat' dir='ltr'><strong>Hoc</strong></span> <span class='ocrx_word' id='word_1_6' title='bbox 197 199 308 254; x_wconf 88' lang='lat' dir='ltr'><strong>virtutis</strong></span> <span class='ocrx_word' id='word_1_7' title='bbox 325 215 402 268; x_wconf 85' lang='lat' dir='ltr'><strong>opus.</strong></span> <span class='ocrx_word' id='word_1_8' title='bbox 439 199 536 255; x_wconf 84' lang='lat' dir='ltr'><strong>Troiae</strong></span> <span class='ocrx_word' id='word_1_9' title='bbox 554 201 605 255; x_wconf 90' lang='lat' dir='ltr'><strong>sub</strong></span> <span class='ocrx_word' id='word_1_10' title='bbox 622 203 764 258; x_wconf 87' lang='lat' dir='ltr'><strong>moenibus</strong></span> <span class='ocrx_word' id='word_1_11' title='bbox 782 203 846 259; x_wconf 85' lang='lat' dir='ltr'><strong>altis</strong></span> 
     </span>
    </p>

    <p class='ocr_par' dir='ltr' id='par_1_3' title="bbox 117 276 968 421">
     <span class='ocr_line' id='line_1_3' title="bbox 117 276 968 346; baseline 0.007 -16"><span class='ocrx_word' id='word_1_12' title='bbox 117 277 169 330; x_wconf 82' lang='lat' dir='ltr'><strong>&#39;l&#39;ot</strong></span> <span class='ocrx_word' id='word_1_13' title='bbox 187 276 262 344; x_wconf 77' lang='lat' dir='ltr'><strong>griati</strong></span> <span class='ocrx_word' id='word_1_14' title='bbox 281 276 405 329; x_wconf 81' lang='lat' dir='ltr'>cecidere</span> <span class='ocrx_word' id='word_1_15' title='bbox 423 276 524 341; x_wconf 81' lang='lat' dir='ltr'><strong>deum3</strong></span> <span class='ocrx_word' id='word_1_16' title='bbox 542 279 608 346; x_wconf 92' lang='lat' dir='ltr'><strong>quin</strong></span> <span class='ocrx_word' id='word_1_17' title='bbox 626 279 727 333; x_wconf 90' lang='lat' dir='ltr'><strong>occidit</strong></span> <span class='ocrx_word' id='word_1_18' title='bbox 744 297 798 334; x_wconf 88' lang='lat' dir='ltr'><strong>una</strong></span> <span class='ocrx_word' id='word_1_19' title='bbox 930 296 968 336; x_wconf 79' lang='lat'><strong>47⁰</strong></span> 
     </span>
     <span class='ocr_line' id='line_1_4' title="bbox 118 351 847 421; baseline 0.004 -15"><span class='ocrx_word' id='word_1_20' title='bbox 118 351 264 421; x_wconf 78' lang='lat' dir='ltr'>Sarpedon,</span> <span class='ocrx_word' id='word_1_21' title='bbox 282 369 343 405; x_wconf 90' lang='lat' dir='ltr'><strong>mea</strong></span> <span class='ocrx_word' id='word_1_22' title='bbox 360 353 512 420; x_wconf 74' lang='lat' dir='ltr'><strong>progenies.</strong></span> <span class='ocrx_word' id='word_1_23' title='bbox 549 354 640 408; x_wconf 82' lang='lat' dir='ltr'><strong>Etiam</strong></span> <span class='ocrx_word' id='word_1_24' title='bbox 659 372 708 408; x_wconf 90' lang='lat' dir='ltr'><strong>sua</strong></span> <span class='ocrx_word' id='word_1_25' title='bbox 726 356 847 409; x_wconf 84' lang='lat' dir='ltr'><strong>Turnum</strong></span> 
     </span>
    </p>

    <p class='ocr_par' dir='ltr' id='par_1_4' title="bbox 117 428 829 497">
     <span class='ocr_line' id='line_1_5' title="bbox 117 428 829 497; baseline 0.007 -16"><span class='ocrx_word' id='word_1_26' title='bbox 117 428 187 483; x_wconf 84' lang='lat' dir='ltr'><strong>Fata</strong></span> <span class='ocrx_word' id='word_1_27' title='bbox 205 433 309 496; x_wconf 87' lang='lat' dir='ltr'><strong>vocant,</strong></span> <span class='ocrx_word' id='word_1_28' title='bbox 327 433 470 496; x_wconf 86' lang='lat' dir='ltr'><strong>metasque</strong></span> <span class='ocrx_word' id='word_1_29' title='bbox 489 430 547 483; x_wconf 87' lang='lat' dir='ltr'><strong>dati</strong></span> <span class='ocrx_word' id='word_1_30' title='bbox 565 432 690 497; x_wconf 88' lang='lat' dir='ltr'><strong>pervenit</strong></span> <span class='ocrx_word' id='word_1_31' title='bbox 708 432 743 485; x_wconf 85' lang='lat' dir='ltr'><strong>ad</strong></span> <span class='ocrx_word' id='word_1_32' title='bbox 762 432 829 486; x_wconf 86' lang='lat' dir='ltr'><strong>aevi.</strong></span> 
     </span>
    </p>

    <p class='ocr_par' dir='ltr' id='par_1_5' title="bbox 116 504 824 573">
     <span class='ocr_line' id='line_1_6' title="bbox 116 504 824 573; baseline 0.006 -15"><span class='ocrx_word' id='word_1_33' title='bbox 116 504 161 558; x_wconf 83' lang='lat' dir='ltr'><strong>Sic</strong></span> <span class='ocrx_word' id='word_1_34' title='bbox 179 506 225 570; x_wconf 86' lang='lat' dir='ltr'><strong>ait,</strong></span> <span class='ocrx_word' id='word_1_35' title='bbox 244 508 328 573; x_wconf 88' lang='lat' dir='ltr'><strong>atque</strong></span> <span class='ocrx_word' id='word_1_36' title='bbox 345 505 437 558; x_wconf 86' lang='lat' dir='ltr'><strong>oculos</strong></span> <span class='ocrx_word' id='word_1_37' title='bbox 456 505 620 560; x_wconf 82' lang='lat' dir='ltr'><strong>Rutulorum</strong></span> <span class='ocrx_word' id='word_1_38' title='bbox 638 507 727 562; x_wconf 86' lang='lat' dir='ltr'><strong>reiicit</strong></span> <span class='ocrx_word' id='word_1_39' title='bbox 744 509 824 562; x_wconf 87' lang='lat' dir='ltr'><strong>arvis.</strong></span> 
     </span>
    </p>

    <p class='ocr_par' dir='ltr' id='par_1_6' title="bbox 117 581 763 651">
     <span class='ocr_line' id='line_1_7' title="bbox 117 581 763 651; baseline 0.005 -18"><span class='ocrx_word' id='word_1_40' title='bbox 117 583 157 634; x_wconf 86' lang='lat' dir='ltr'><strong>At</strong></span> <span class='ocrx_word' id='word_1_41' title='bbox 176 581 265 635; x_wconf 87' lang='lat' dir='ltr'><strong>Pallas</strong></span> <span class='ocrx_word' id='word_1_42' title='bbox 283 581 388 649; x_wconf 86' lang='lat' dir='ltr'><strong>magnis</strong></span> <span class='ocrx_word' id='word_1_43' title='bbox 406 582 510 635; x_wconf 89' lang='lat' dir='ltr'><strong>emittit</strong></span> <span class='ocrx_word' id='word_1_44' title='bbox 527 582 631 636; x_wconf 86' lang='lat' dir='ltr'><strong>viribus</strong></span> <span class='ocrx_word' id='word_1_45' title='bbox 648 583 763 651; x_wconf 84' lang='lat' dir='ltr'><strong>hastam,</strong></span> 
     </span>
    </p>

    <p class='ocr_par' dir='ltr' id='par_1_7' title="bbox 116 657 965 880">
     <span class='ocr_line' id='line_1_8' title="bbox 116 657 965 727; baseline 0.008 -17"><span class='ocrx_word' id='word_1_46' title='bbox 116 657 276 726; x_wconf 76' lang='lat' dir='ltr'><strong>vaginaque</strong></span> <span class='ocrx_word' id='word_1_47' title='bbox 295 674 359 710; x_wconf 87' lang='lat' dir='ltr'><strong>cava</strong></span> <span class='ocrx_word' id='word_1_48' title='bbox 376 657 527 724; x_wconf 80' lang='lat' dir='ltr'><strong>fulgentem</strong></span> <span class='ocrx_word' id='word_1_49' title='bbox 545 659 641 727; x_wconf 82' lang='lat' dir='ltr'><strong>diripit</strong></span> <span class='ocrx_word' id='word_1_50' title='bbox 658 676 756 713; x_wconf 88' lang='lat' dir='ltr'><strong>ensem.</strong></span> <span class='ocrx_word' id='word_1_51' title='bbox 929 676 965 717; x_wconf 68' lang='lat' dir='ltr'><strong>aa</strong></span> 
     </span>
     <span class='ocr_line' id='line_1_9' title="bbox 117 733 887 805; baseline 0.006 -20"><span class='ocrx_word' id='word_1_52' title='bbox 117 733 168 786; x_wconf 89' lang='lat' dir='ltr'><strong>llla</strong></span> <span class='ocrx_word' id='word_1_53' title='bbox 185 734 285 799; x_wconf 88' lang='lat' dir='ltr'><strong>volans,</strong></span> <span class='ocrx_word' id='word_1_54' title='bbox 304 733 410 786; x_wconf 88' lang='lat' dir='ltr'><strong>humeri</strong></span> <span class='ocrx_word' id='word_1_55' title='bbox 428 738 544 800; x_wconf 84' lang='lat' dir='ltr'><strong>surgunt</strong></span> <span class='ocrx_word' id='word_1_56' title='bbox 563 752 618 803; x_wconf 88' lang='lat' dir='ltr'><strong>qua</strong></span> <span class='ocrx_word' id='word_1_57' title='bbox 634 736 757 803; x_wconf 76' lang='lat' dir='ltr'><strong>tegmina</strong></span> <span class='ocrx_word' id='word_1_58' title='bbox 775 752 887 805; x_wconf 88' lang='lat' dir='ltr'><strong>summa,</strong></span> 
     </span>
     <span class='ocr_line' id='line_1_10' title="bbox 117 809 789 880; baseline 0.006 -18"><span class='ocrx_word' id='word_1_59' title='bbox 117 809 224 878; x_wconf 83' lang='lat' dir='ltr'><strong>Incidit,</strong></span> <span class='ocrx_word' id='word_1_60' title='bbox 242 815 335 878; x_wconf 87' lang='lat' dir='ltr'><strong>atque,</strong></span> <span class='ocrx_word' id='word_1_61' title='bbox 354 810 425 863; x_wconf 89' lang='lat' dir='ltr'><strong>viam</strong></span> <span class='ocrx_word' id='word_1_62' title='bbox 443 810 523 878; x_wconf 89' lang='lat' dir='ltr'><strong>clipei</strong></span> <span class='ocrx_word' id='word_1_63' title='bbox 541 812 636 865; x_wconf 85' lang='lat' dir='ltr'><strong>molita</strong></span> <span class='ocrx_word' id='word_1_64' title='bbox 653 829 703 880; x_wconf 89' lang='lat' dir='ltr'><strong>por</strong></span> <span class='ocrx_word' id='word_1_65' title='bbox 720 829 789 878; x_wconf 90' lang='lat' dir='ltr'><strong>oras,</strong></span> 
     </span>
    </p>

    <p class='ocr_par' dir='ltr' id='par_1_8' title="bbox 114 885 878 957">
     <span class='ocr_line' id='line_1_11' title="bbox 114 885 878 957; baseline 0.008 -20"><span class='ocrx_word' id='word_1_66' title='bbox 114 885 234 940; x_wconf 85' lang='lat' dir='ltr'><strong>Tandem</strong></span> <span class='ocrx_word' id='word_1_67' title='bbox 253 887 339 940; x_wconf 89' lang='lat' dir='ltr'><strong>etiam</strong></span> <span class='ocrx_word' id='word_1_68' title='bbox 358 903 456 954; x_wconf 86' lang='lat' dir='ltr'><strong>magno</strong></span> <span class='ocrx_word' id='word_1_69' title='bbox 473 887 585 940; x_wconf 85' lang='lat' dir='ltr'><strong>strinxit</strong></span> <span class='ocrx_word' id='word_1_70' title='bbox 603 888 638 941; x_wconf 98' lang='lat' dir='ltr'><strong>de</strong></span> <span class='ocrx_word' id='word_1_71' title='bbox 656 905 768 957; x_wconf 88' lang='lat' dir='ltr'><strong>corpore</strong></span> <span class='ocrx_word' id='word_1_72' title='bbox 787 890 878 944; x_wconf 83' lang='lat' dir='ltr'><strong>Turni.</strong></span> 
     </span>
    </p>

    <p class='ocr_par' dir='ltr' id='par_1_9' title="bbox 116 962 840 1030">
     <span class='ocr_line' id='line_1_12' title="bbox 116 962 840 1030; baseline 0.007 -16"><span class='ocrx_word' id='word_1_73' title='bbox 116 962 168 1015; x_wconf 91' lang='lat' dir='ltr'><strong>Hic</strong></span> <span class='ocrx_word' id='word_1_74' title='bbox 186 963 293 1016; x_wconf 81' lang='lat' dir='ltr'><strong>Turnus</strong></span> <span class='ocrx_word' id='word_1_75' title='bbox 310 963 385 1016; x_wconf 85' lang='lat' dir='ltr'><strong>ferro</strong></span> <span class='ocrx_word' id='word_1_76' title='bbox 403 963 553 1030; x_wconf 80' lang='lat' dir='ltr'><strong>praefixum</strong></span> <span class='ocrx_word' id='word_1_77' title='bbox 572 964 656 1016; x_wconf 92' lang='lat' dir='ltr'><strong>robur</strong></span> <span class='ocrx_word' id='word_1_78' title='bbox 672 969 752 1018; x_wconf 89' lang='lat' dir='ltr'><strong>acuto</strong></span> <span class='ocrx_word' id='word_1_79' title='bbox 839 979 840 982; x_wconf 73' lang='grc'>’</span> 
     </span>
    </p>

    <p class='ocr_par' dir='ltr' id='par_1_10' title="bbox 114 1037 963 1259">
     <span class='ocr_line' id='line_1_13' title="bbox 115 1037 963 1109; baseline 0.006 -20"><span class='ocrx_word' id='word_1_80' title='bbox 115 1037 148 1090; x_wconf 94' lang='lat' dir='ltr'><strong>ln</strong></span> <span class='ocrx_word' id='word_1_81' title='bbox 168 1038 290 1092; x_wconf 86' lang='lat' dir='ltr'><strong>Pallanta</strong></span> <span class='ocrx_word' id='word_1_82' title='bbox 308 1039 356 1091; x_wconf 92' lang='lat' dir='ltr'><strong>diu</strong></span> <span class='ocrx_word' id='word_1_83' title='bbox 374 1038 476 1091; x_wconf 88' lang='lat' dir='ltr'><strong>librans</strong></span> <span class='ocrx_word' id='word_1_84' title='bbox 494 1039 565 1104; x_wconf 77' lang='lat' dir='ltr'><strong>iacit,</strong></span> <span class='ocrx_word' id='word_1_85' title='bbox 583 1043 667 1109; x_wconf 90' lang='lat' dir='ltr'><strong>atque</strong></span> <span class='ocrx_word' id='word_1_86' title='bbox 685 1041 725 1094; x_wconf 89' lang='lat' dir='ltr'><strong>ita</strong></span> <span class='ocrx_word' id='word_1_87' title='bbox 741 1041 833 1094; x_wconf 84' lang='lat' dir='ltr'><strong>fatur:</strong></span> <span class='ocrx_word' id='word_1_88' title='bbox 926 1056 963 1094; x_wconf 74' lang='lat' dir='ltr'><strong>aso</strong></span> 
     </span>
     <span class='ocr_line' id='line_1_14' title="bbox 115 1114 948 1184; baseline 0.006 -18"><span class='ocrx_word' id='word_1_89' title='bbox 115 1114 223 1182; x_wconf 84' lang='lat' dir='ltr'><strong>Aspice,</strong></span> <span class='ocrx_word' id='word_1_90' title='bbox 242 1130 307 1167; x_wconf 88' lang='lat' dir='ltr'><strong>num</strong></span> <span class='ocrx_word' id='word_1_91' title='bbox 325 1131 404 1182; x_wconf 86' lang='lat' dir='ltr'><strong>mage</strong></span> <span class='ocrx_word' id='word_1_92' title='bbox 423 1115 460 1167; x_wconf 86' lang='lat' dir='ltr'><strong>sit</strong></span> <span class='ocrx_word' id='word_1_93' title='bbox 477 1119 600 1168; x_wconf 92' lang='lat' dir='ltr'><strong>nostrum</strong></span> <span class='ocrx_word' id='word_1_94' title='bbox 618 1117 788 1184; x_wconf 84' lang='lat' dir='ltr'><strong>penetrabile</strong></span> <span class='ocrx_word' id='word_1_95' title='bbox 806 1117 898 1171; x_wconf 89' lang='lat' dir='ltr'><strong>tolum.</strong></span> <span class='ocrx_word' id='word_1_96' title='bbox 947 1119 948 1122; x_wconf 71' lang='grc'>’</span> 
     </span>
     <span class='ocr_line' id='line_1_15' title="bbox 114 1188 839 1259; baseline 0.007 -18"><span class='ocrx_word' id='word_1_97' title='bbox 114 1188 244 1257; x_wconf 75' lang='lat' dir='ltr'><strong>Dixerat,</strong></span> <span class='ocrx_word' id='word_1_98' title='bbox 261 1194 290 1244; x_wconf 87' lang='lat' dir='ltr'><strong>at</strong></span> <span class='ocrx_word' id='word_1_99' title='bbox 308 1191 433 1259; x_wconf 90' lang='lat' dir='ltr'><strong>clipeum,</strong></span> <span class='ocrx_word' id='word_1_100' title='bbox 452 1194 495 1243; x_wconf 86' lang='lat' dir='ltr'><strong>tot</strong></span> <span class='ocrx_word' id='word_1_101' title='bbox 512 1191 578 1244; x_wconf 86' lang='lat' dir='ltr'><strong>ferri</strong></span> <span class='ocrx_word' id='word_1_102' title='bbox 596 1196 682 1259; x_wconf 78' lang='lat' dir='ltr'><strong>terga,</strong></span> <span class='ocrx_word' id='word_1_103' title='bbox 701 1196 744 1246; x_wconf 91' lang='lat' dir='ltr'><strong>tot</strong></span> <span class='ocrx_word' id='word_1_104' title='bbox 762 1194 839 1258; x_wconf 87' lang='lat' dir='ltr'><strong>aeris,</strong></span> 
     </span>
    </p>

    <p class='ocr_par' dir='ltr' id='par_1_11' title="bbox 113 1265 800 1335">
     <span class='ocr_line' id='line_1_16' title="bbox 113 1265 800 1335; baseline 0.006 -17"><span class='ocrx_word' id='word_1_105' title='bbox 113 1265 200 1328; x_wconf 83' lang='lat' dir='ltr'><strong>Quem</strong></span> <span class='ocrx_word' id='word_1_106' title='bbox 218 1266 298 1335; x_wconf 89' lang='lat' dir='ltr'><strong>pellis</strong></span> <span class='ocrx_word' id='word_1_107' title='bbox 315 1267 416 1319; x_wconf 88' lang='lat' dir='ltr'><strong>totiens</strong></span> <span class='ocrx_word' id='word_1_108' title='bbox 435 1267 517 1319; x_wconf 88' lang='lat' dir='ltr'><strong>obeat</strong></span> <span class='ocrx_word' id='word_1_109' title='bbox 534 1268 703 1321; x_wconf 89' lang='lat' dir='ltr'><strong>circumdata</strong></span> <span class='ocrx_word' id='word_1_110' title='bbox 720 1269 800 1335; x_wconf 86' lang='lat' dir='ltr'><strong>tauri,</strong></span> 
     </span>
    </p>

    <p class='ocr_par' dir='ltr' id='par_1_12' title="bbox 113 1341 960 1563">
     <span class='ocr_line' id='line_1_17' title="bbox 113 1341 790 1412; baseline 0.009 -20"><span class='ocrx_word' id='word_1_111' title='bbox 113 1341 241 1395; x_wconf 87' lang='lat' dir='ltr'><strong>Vibranti</strong></span> <span class='ocrx_word' id='word_1_112' title='bbox 259 1342 380 1395; x_wconf 89' lang='lat' dir='ltr'><strong>medium</strong></span> <span class='ocrx_word' id='word_1_113' title='bbox 399 1343 488 1409; x_wconf 91' lang='lat' dir='ltr'><strong>cuspis</strong></span> <span class='ocrx_word' id='word_1_114' title='bbox 507 1344 711 1397; x_wconf 84' lang='lat' dir='ltr'><strong>transverberat</strong></span> <span class='ocrx_word' id='word_1_115' title='bbox 726 1344 790 1412; x_wconf 89' lang='lat' dir='ltr'><strong>ictu,</strong></span> 
     </span>
     <span class='ocr_line' id='line_1_18' title="bbox 114 1416 960 1487; baseline 0.005 -17"><span class='ocrx_word' id='word_1_116' title='bbox 114 1416 280 1486; x_wconf 77' lang='lat' dir='ltr'><strong>Latinaeque</strong></span> <span class='ocrx_word' id='word_1_117' title='bbox 297 1435 388 1471; x_wconf 86' lang='lat' dir='ltr'><strong>moras</strong></span> <span class='ocrx_word' id='word_1_118' title='bbox 406 1422 435 1471; x_wconf 87' lang='lat' dir='ltr'><strong>et</strong></span> <span class='ocrx_word' id='word_1_119' title='bbox 452 1424 548 1485; x_wconf 88' lang='lat' dir='ltr'><strong>pectus</strong></span> <span class='ocrx_word' id='word_1_120' title='bbox 567 1421 689 1487; x_wconf 83' lang='lat' dir='ltr'><strong>perforat</strong></span> <span class='ocrx_word' id='word_1_121' title='bbox 706 1420 808 1487; x_wconf 83' lang='lat' dir='ltr'><strong>ingens.</strong></span> <span class='ocrx_word' id='word_1_122' title='bbox 924 1435 960 1474; x_wconf 67' lang='lat' dir='ltr'><strong>sse</strong></span> 
     </span>
     <span class='ocr_line' id='line_1_19' title="bbox 114 1494 812 1563; baseline 0.006 -17"><span class='ocrx_word' id='word_1_123' title='bbox 114 1494 165 1547; x_wconf 94' lang='lat' dir='ltr'><strong>llle</strong></span> <span class='ocrx_word' id='word_1_124' title='bbox 182 1495 255 1563; x_wconf 87' lang='lat' dir='ltr'><strong>rapit</strong></span> <span class='ocrx_word' id='word_1_125' title='bbox 272 1495 390 1548; x_wconf 88' lang='lat' dir='ltr'><strong>calidum</strong></span> <span class='ocrx_word' id='word_1_126' title='bbox 408 1494 511 1548; x_wconf 84' lang='lat' dir='ltr'><strong>frustra</strong></span> <span class='ocrx_word' id='word_1_127' title='bbox 530 1496 565 1548; x_wconf 89' lang='lat' dir='ltr'><strong>de</strong></span> <span class='ocrx_word' id='word_1_128' title='bbox 583 1497 693 1549; x_wconf 89' lang='lat' dir='ltr'><strong>volnere</strong></span> <span class='ocrx_word' id='word_1_129' title='bbox 711 1496 812 1551; x_wconf 87' lang='lat' dir='ltr'><strong>telum:</strong></span> 
     </span>
    </p>

    <p class='ocr_par' dir='ltr' id='par_1_13' title="bbox 113 1569 886 1716">
     <span class='ocr_line' id='line_1_20' title="bbox 113 1569 886 1641; baseline 0.004 -19"><span class='ocrx_word' id='word_1_130' title='bbox 113 1569 175 1623; x_wconf 88' lang='lat' dir='ltr'><strong>Una</strong></span> <span class='ocrx_word' id='word_1_131' title='bbox 192 1571 342 1638; x_wconf 87' lang='lat' dir='ltr'><strong>eademque</strong></span> <span class='ocrx_word' id='word_1_132' title='bbox 360 1570 404 1623; x_wconf 90' lang='lat' dir='ltr'><strong>via</strong></span> <span class='ocrx_word' id='word_1_133' title='bbox 422 1571 532 1638; x_wconf 86' lang='lat' dir='ltr'><strong>sanguis</strong></span> <span class='ocrx_word' id='word_1_134' title='bbox 549 1572 709 1641; x_wconf 90' lang='lat' dir='ltr'><strong>animusque</strong></span> <span class='ocrx_word' id='word_1_135' title='bbox 727 1575 886 1640; x_wconf 89' lang='lat' dir='ltr'><strong>sequuntur.</strong></span> 
     </span>
     <span class='ocr_line' id='line_1_21' title="bbox 113 1645 861 1716; baseline 0.003 -18"><span class='ocrx_word' id='word_1_136' title='bbox 113 1645 222 1699; x_wconf 78' lang='lat' dir='ltr'><strong>Corruit</strong></span> <span class='ocrx_word' id='word_1_137' title='bbox 240 1647 266 1698; x_wconf 92' lang='lat' dir='ltr'><strong>in</strong></span> <span class='ocrx_word' id='word_1_138' title='bbox 284 1647 396 1710; x_wconf 73' lang='lat' dir='ltr'><strong>volnus,</strong></span> <span class='ocrx_word' id='word_1_139' title='bbox 413 1647 532 1699; x_wconf 91' lang='lat' dir='ltr'><strong>sonitum</strong></span> <span class='ocrx_word' id='word_1_140' title='bbox 551 1664 634 1716; x_wconf 85' lang='lat' dir='ltr'><strong>super</strong></span> <span class='ocrx_word' id='word_1_141' title='bbox 651 1665 727 1701; x_wconf 89' lang='lat' dir='ltr'><strong>arma</strong></span> <span class='ocrx_word' id='word_1_142' title='bbox 745 1647 861 1712; x_wconf 82' lang='lat' dir='ltr'><strong>dedere:</strong></span> 
     </span>
    </p>

    <p class='ocr_par' dir='ltr' id='par_1_14' title="bbox 113 1721 844 1792">
     <span class='ocr_line' id='line_1_22' title="bbox 113 1721 844 1792; baseline 0.005 -19"><span class='ocrx_word' id='word_1_143' title='bbox 113 1721 149 1774; x_wconf 81' lang='grc'><strong>111</strong></span> <span class='ocrx_word' id='word_1_144' title='bbox 166 1725 269 1776; x_wconf 88' lang='lat' dir='ltr'><strong>terram</strong></span> <span class='ocrx_word' id='word_1_145' title='bbox 287 1722 413 1774; x_wconf 85' lang='lat' dir='ltr'><strong>hostilem</strong></span> <span class='ocrx_word' id='word_1_146' title='bbox 433 1723 550 1776; x_wconf 85' lang='lat' dir='ltr'><strong>moriens</strong></span> <span class='ocrx_word' id='word_1_147' title='bbox 568 1725 640 1792; x_wconf 91' lang='lat' dir='ltr'><strong>petit</strong></span> <span class='ocrx_word' id='word_1_148' title='bbox 658 1741 705 1777; x_wconf 90' lang='lat' dir='ltr'><strong>ore</strong></span> <span class='ocrx_word' id='word_1_149' title='bbox 724 1728 844 1777; x_wconf 86' lang='lat' dir='ltr'><strong>cruente.</strong></span> 
     </span>
    </p>

    <p class='ocr_par' dir='ltr' id='par_1_15' title="bbox 112 1798 960 2018">
     <span class='ocr_line' id='line_1_23' title="bbox 112 1798 960 1865; baseline 0.001 -14"><span class='ocrx_word' id='word_1_150' title='bbox 112 1798 199 1861; x_wconf 83' lang='lat' dir='ltr'><strong>Quem</strong></span> <span class='ocrx_word' id='word_1_151' title='bbox 218 1799 326 1851; x_wconf 82' lang='lat' dir='ltr'><strong>Turnus</strong></span> <span class='ocrx_word' id='word_1_152' title='bbox 344 1815 426 1865; x_wconf 92' lang='lat' dir='ltr'><strong>super</strong></span> <span class='ocrx_word' id='word_1_153' title='bbox 444 1798 595 1853; x_wconf 85' lang='lat' dir='ltr'><strong>adsistens:</strong></span> <span class='ocrx_word' id='word_1_154' title='bbox 924 1812 960 1852; x_wconf 74' lang='lat' dir='ltr'><strong>loo</strong></span> 
     </span>
     <span class='ocr_line' id='line_1_24' title="bbox 113 1874 892 1941; baseline 0.001 -15"><span class='ocrx_word' id='word_1_155' title='bbox 113 1874 243 1941; x_wconf 80' lang='lat' dir='ltr'><strong>Arcades,</strong></span> <span class='ocrx_word' id='word_1_156' title='bbox 261 1874 336 1940; x_wconf 85' lang='lat' dir='ltr'><strong>haec,</strong></span> <span class='ocrx_word' id='word_1_157' title='bbox 353 1874 449 1941; x_wconf 90' lang='lat' dir='ltr'><strong>inquit,</strong></span> <span class='ocrx_word' id='word_1_158' title='bbox 468 1890 602 1927; x_wconf 81' lang='lat' dir='ltr'><strong>memores</strong></span> <span class='ocrx_word' id='word_1_159' title='bbox 619 1891 681 1927; x_wconf 90' lang='lat' dir='ltr'><strong>mea</strong></span> <span class='ocrx_word' id='word_1_160' title='bbox 699 1875 773 1928; x_wconf 89' lang='lat' dir='ltr'><strong>dicta</strong></span> <span class='ocrx_word' id='word_1_161' title='bbox 791 1877 892 1928; x_wconf 90' lang='lat' dir='ltr'><strong>referte</strong></span> 
     </span>
     <span class='ocr_line' id='line_1_25' title="bbox 112 1949 794 2018; baseline 0 -16"><span class='ocrx_word' id='word_1_162' title='bbox 112 1949 255 2003; x_wconf 85' lang='lat' dir='ltr'><strong>Euandro:</strong></span> <span class='ocrx_word' id='word_1_163' title='bbox 275 1950 388 2013; x_wconf 82' lang='lat' dir='ltr'><strong>Qualem</strong></span> <span class='ocrx_word' id='word_1_164' title='bbox 406 1951 513 2018; x_wconf 89' lang='lat' dir='ltr'><strong>meruit,</strong></span> <span class='ocrx_word' id='word_1_165' title='bbox 533 1950 659 2003; x_wconf 84' lang='lat' dir='ltr'><strong>Pallanta</strong></span> <span class='ocrx_word' id='word_1_166' title='bbox 677 1951 794 2004; x_wconf 82' lang='lat' dir='ltr'><strong>remitto.</strong></span> 
     </span>
    </p>

    <p class='ocr_par' dir='ltr' id='par_1_16' title="bbox 112 2025 944 2173">
     <span class='ocr_line' id='line_1_26' title="bbox 112 2025 944 2094; baseline 0.001 -17"><span class='ocrx_word' id='word_1_167' title='bbox 112 2026 242 2094; x_wconf 86' lang='lat' dir='ltr'><strong>Quisquis</strong></span> <span class='ocrx_word' id='word_1_168' title='bbox 254 2025 339 2078; x_wconf 83' lang='lat' dir='ltr'><strong>honos</strong></span> <span class='ocrx_word' id='word_1_169' title='bbox 351 2025 457 2091; x_wconf 91' lang='lat' dir='ltr'><strong>tumuli,</strong></span> <span class='ocrx_word' id='word_1_170' title='bbox 471 2026 606 2093; x_wconf 91' lang='lat' dir='ltr'><strong>quidquid</strong></span> <span class='ocrx_word' id='word_1_171' title='bbox 619 2025 738 2078; x_wconf 87' lang='lat' dir='ltr'><strong>solamen</strong></span> <span class='ocrx_word' id='word_1_172' title='bbox 751 2025 880 2078; x_wconf 90' lang='lat' dir='ltr'><strong>humandi</strong></span> <span class='ocrx_word' id='word_1_173' title='bbox 893 2029 944 2093; x_wconf 90' lang='lat' dir='ltr'><strong>est,</strong></span> 
     </span>
     <span class='ocr_line' id='line_1_27' title="bbox 114 2101 769 2173; baseline 0 -21"><span class='ocrx_word' id='word_1_174' title='bbox 114 2101 230 2169; x_wconf 78' lang='lat' dir='ltr'><strong>largior.</strong></span> <span class='ocrx_word' id='word_1_175' title='bbox 269 2101 353 2154; x_wconf 83' lang='lat' dir='ltr'><strong>Haud</strong></span> <span class='ocrx_word' id='word_1_176' title='bbox 370 2101 409 2152; x_wconf 90' lang='lat' dir='ltr'><strong>illi</strong></span> <span class='ocrx_word' id='word_1_177' title='bbox 429 2101 543 2173; x_wconf 82' lang='lat' dir='ltr'><strong>stabunt</strong></span> <span class='ocrx_word' id='word_1_178' title='bbox 563 2101 667 2153; x_wconf 83' lang='lat' dir='ltr'><strong>Aeneia</strong></span> <span class='ocrx_word' id='word_1_179' title='bbox 685 2117 769 2168; x_wconf 63' lang='lat' dir='ltr'><strong>perso</strong></span> 
     </span>
    </p>

    <p class='ocr_par' dir='ltr' id='par_1_17' title="bbox 113 2177 961 2397">
     <span class='ocr_line' id='line_1_28' title="bbox 114 2177 961 2246; baseline 0.004 -17"><span class='ocrx_word' id='word_1_180' title='bbox 114 2177 249 2246; x_wconf 85' lang='lat' dir='ltr'><strong>Hospitia</strong></span> <span class='ocrx_word' id='word_1_181' title='bbox 287 2177 323 2229; x_wconf 86' lang='lat' dir='ltr'><strong>Et</strong></span> <span class='ocrx_word' id='word_1_182' title='bbox 341 2177 418 2229; x_wconf 81' lang='lat' dir='ltr'><strong>laevo</strong></span> <span class='ocrx_word' id='word_1_183' title='bbox 437 2179 539 2244; x_wconf 88' lang='lat' dir='ltr'><strong>pressit</strong></span> <span class='ocrx_word' id='word_1_184' title='bbox 556 2178 634 2245; x_wconf 85' lang='lat' dir='ltr'><strong>pedo,</strong></span> <span class='ocrx_word' id='word_1_185' title='bbox 653 2177 719 2230; x_wconf 87' lang='lat' dir='ltr'><strong>talia</strong></span> <span class='ocrx_word' id='word_1_186' title='bbox 736 2177 816 2242; x_wconf 80' lang='lat' dir='ltr'><strong>fatus,</strong></span> <span class='ocrx_word' id='word_1_187' title='bbox 925 2194 961 2232; x_wconf 72' lang='lat'><strong>495</strong></span> 
     </span>
     <span class='ocr_line' id='line_1_29' title="bbox 114 2252 788 2320; baseline 0 -16"><span class='ocrx_word' id='word_1_188' title='bbox 114 2253 278 2318; x_wconf 76' lang='lat' dir='ltr'><strong>Exanimem,</strong></span> <span class='ocrx_word' id='word_1_189' title='bbox 297 2253 405 2319; x_wconf 85' lang='lat' dir='ltr'><strong>rapiens</strong></span> <span class='ocrx_word' id='word_1_190' title='bbox 423 2253 542 2305; x_wconf 88' lang='lat' dir='ltr'><strong>inmania</strong></span> <span class='ocrx_word' id='word_1_191' title='bbox 558 2253 681 2320; x_wconf 89' lang='lat' dir='ltr'><strong>pondera</strong></span> <span class='ocrx_word' id='word_1_192' title='bbox 697 2252 788 2318; x_wconf 88' lang='lat' dir='ltr'><strong>baltei,</strong></span> 
     </span>
     <span class='ocr_line' id='line_1_30' title="bbox 113 2328 771 2397; baseline -0.005 -15"><span class='ocrx_word' id='word_1_193' title='bbox 113 2330 325 2397; x_wconf 88' lang='lat' dir='ltr'><strong>Inpressumque</strong></span> <span class='ocrx_word' id='word_1_194' title='bbox 344 2328 432 2381; x_wconf 86' lang='lat' dir='ltr'><strong>nefas:</strong></span> <span class='ocrx_word' id='word_1_195' title='bbox 451 2328 572 2381; x_wconf 89' lang='lat' dir='ltr'><strong>unasub</strong></span> <span class='ocrx_word' id='word_1_196' title='bbox 591 2333 671 2381; x_wconf 90' lang='lat' dir='ltr'><strong>nocte</strong></span> <span class='ocrx_word' id='word_1_197' title='bbox 689 2328 771 2395; x_wconf 86' lang='lat' dir='ltr'><strong>iugali</strong></span> 
     </span>
    </p>

    <p class='ocr_par' dir='ltr' id='par_1_18' title="bbox 112 2403 889 2546">
     <span class='ocr_line' id='line_1_31' title="bbox 112 2403 889 2471; baseline -0.003 -13"><span class='ocrx_word' id='word_1_198' title='bbox 112 2403 198 2458; x_wconf 79' lang='lat' dir='ltr'><strong>Caesa</strong></span> <span class='ocrx_word' id='word_1_199' title='bbox 215 2421 313 2457; x_wconf 89' lang='lat' dir='ltr'><strong>manus</strong></span> <span class='ocrx_word' id='word_1_200' title='bbox 330 2405 456 2457; x_wconf 85' lang='lat' dir='ltr'><strong>iuvenum</strong></span> <span class='ocrx_word' id='word_1_201' title='bbox 474 2405 561 2471; x_wconf 85' lang='lat' dir='ltr'><strong>foede,</strong></span> <span class='ocrx_word' id='word_1_202' title='bbox 579 2404 747 2471; x_wconf 81' lang='lat' dir='ltr'><strong>thalamique</strong></span> <span class='ocrx_word' id='word_1_203' title='bbox 765 2404 889 2468; x_wconf 80' lang='lat' dir='ltr'><strong>cruenti3</strong></span> 
     </span>
     <span class='ocr_line' id='line_1_32' title="bbox 112 2479 852 2546; baseline -0.001 -13"><span class='ocrx_word' id='word_1_204' title='bbox 112 2481 188 2544; x_wconf 87' lang='lat' dir='ltr'><strong>Quae</strong></span> <span class='ocrx_word' id='word_1_205' title='bbox 207 2481 308 2534; x_wconf 87' lang='lat' dir='ltr'><strong>Clonus</strong></span> <span class='ocrx_word' id='word_1_206' title='bbox 327 2480 474 2546; x_wconf 88' lang='lat' dir='ltr'><strong>Eurytides</strong></span> <span class='ocrx_word' id='word_1_207' title='bbox 492 2481 578 2533; x_wconf 92' lang='lat' dir='ltr'><strong>multo</strong></span> <span class='ocrx_word' id='word_1_208' title='bbox 596 2479 750 2533; x_wconf 86' lang='lat' dir='ltr'><strong>caelaverat</strong></span> <span class='ocrx_word' id='word_1_209' title='bbox 767 2496 852 2544; x_wconf 89' lang='lat' dir='ltr'><strong>auro;</strong></span> 
     </span>
    </p>

    <p class='ocr_par' dir='ltr' id='par_1_19' title="bbox 112 2555 961 2698">
     <span class='ocr_line' id='line_1_33' title="bbox 112 2555 961 2623; baseline -0.001 -13"><span class='ocrx_word' id='word_1_210' title='bbox 112 2557 172 2620; x_wconf 89' lang='lat' dir='ltr'><strong>Quo</strong></span> <span class='ocrx_word' id='word_1_211' title='bbox 189 2573 260 2609; x_wconf 90' lang='lat' dir='ltr'><strong>nunc</strong></span> <span class='ocrx_word' id='word_1_212' title='bbox 278 2555 385 2608; x_wconf 84' lang='lat' dir='ltr'><strong>Turnus</strong></span> <span class='ocrx_word' id='word_1_213' title='bbox 403 2561 466 2607; x_wconf 80' lang='lat' dir='ltr'><strong>ovat</strong></span> <span class='ocrx_word' id='word_1_214' title='bbox 485 2556 571 2623; x_wconf 89' lang='lat' dir='ltr'><strong>spolio</strong></span> <span class='ocrx_word' id='word_1_215' title='bbox 588 2556 747 2622; x_wconf 84' lang='lat' dir='ltr'><strong>gaudetque</strong></span> <span class='ocrx_word' id='word_1_216' title='bbox 764 2555 875 2623; x_wconf 90' lang='lat' dir='ltr'><strong>potitus.</strong></span> <span class='ocrx_word' id='word_1_217' title='bbox 924 2571 961 2609; x_wconf 82' lang='lat' dir='ltr'><strong>soc</strong></span> 
     </span>
     <span class='ocr_line' id='line_1_34' title="bbox 112 2630 821 2698; baseline -0.003 -13"><span class='ocrx_word' id='word_1_218' title='bbox 112 2631 212 2685; x_wconf 87' lang='lat' dir='ltr'><strong>Nescia</strong></span> <span class='ocrx_word' id='word_1_219' title='bbox 229 2647 307 2684; x_wconf 83' lang='lat' dir='ltr'><strong>niens</strong></span> <span class='ocrx_word' id='word_1_220' title='bbox 325 2631 465 2682; x_wconf 91' lang='lat' dir='ltr'><strong>hominum</strong></span> <span class='ocrx_word' id='word_1_221' title='bbox 484 2631 532 2682; x_wconf 84' lang='lat' dir='ltr'><strong>lati</strong></span> <span class='ocrx_word' id='word_1_222' title='bbox 552 2631 688 2698; x_wconf 88' lang='lat' dir='ltr'><strong>sortisque</strong></span> <span class='ocrx_word' id='word_1_223' title='bbox 704 2630 821 2696; x_wconf 88' lang='lat' dir='ltr'><strong>futurae,</strong></span> 
     </span>
    </p>

    <p class='ocr_par' dir='ltr' id='par_1_20' title="bbox 112 2704 796 2770">
     <span class='ocr_line' id='line_1_35' title="bbox 112 2704 796 2770; baseline -0.001 -10"><span class='ocrx_word' id='word_1_224' title='bbox 112 2708 148 2760; x_wconf 82' lang='lat' dir='ltr'><strong>llt</strong></span> <span class='ocrx_word' id='word_1_225' title='bbox 166 2723 274 2760; x_wconf 87' lang='lat' dir='ltr'><strong>servare</strong></span> <span class='ocrx_word' id='word_1_226' title='bbox 292 2706 411 2770; x_wconf 81' lang='lat' dir='ltr'><strong>moduni,</strong></span> <span class='ocrx_word' id='word_1_227' title='bbox 429 2707 512 2758; x_wconf 88' lang='lat' dir='ltr'><strong>rebus</strong></span> <span class='ocrx_word' id='word_1_228' title='bbox 531 2704 796 2759; x_wconf 63' lang='lat' dir='ltr'><strong>sublatu&#39;secuudis!</strong></span> 
     </span>
    </p>

    <p class='ocr_par' dir='ltr' id='par_1_21' title="bbox 111 2781 960 3080">
     <span class='ocr_line' id='line_1_36' title="bbox 112 2781 900 2849; baseline -0.003 -13"><span class='ocrx_word' id='word_1_229' title='bbox 112 2784 202 2836; x_wconf 84' lang='lat' dir='ltr'><strong>Turno</strong></span> <span class='ocrx_word' id='word_1_230' title='bbox 220 2787 328 2849; x_wconf 88' lang='lat' dir='ltr'><strong>tempus</strong></span> <span class='ocrx_word' id='word_1_231' title='bbox 348 2781 407 2848; x_wconf 89' lang='lat' dir='ltr'><strong>erit,</strong></span> <span class='ocrx_word' id='word_1_232' title='bbox 425 2798 523 2848; x_wconf 83' lang='lat' dir='ltr'><strong>niagno</strong></span> <span class='ocrx_word' id='word_1_233' title='bbox 542 2799 602 2834; x_wconf 90' lang='lat' dir='ltr'><strong>cum</strong></span> <span class='ocrx_word' id='word_1_234' title='bbox 621 2782 758 2848; x_wconf 89' lang='lat' dir='ltr'><strong>optaverit</strong></span> <span class='ocrx_word' id='word_1_235' title='bbox 777 2787 900 2848; x_wconf 88' lang='lat' dir='ltr'><strong>emptum</strong></span> 
     </span>
     <span class='ocr_line' id='line_1_37' title="bbox 112 2856 850 2925; baseline -0.004 -13"><span class='ocrx_word' id='word_1_236' title='bbox 112 2859 251 2912; x_wconf 87' lang='lat' dir='ltr'><strong>Intactum</strong></span> <span class='ocrx_word' id='word_1_237' title='bbox 270 2858 401 2922; x_wconf 88' lang='lat' dir='ltr'><strong>Pallanta,</strong></span> <span class='ocrx_word' id='word_1_238' title='bbox 421 2861 527 2911; x_wconf 89' lang='lat' dir='ltr'><strong>etcum</strong></span> <span class='ocrx_word' id='word_1_239' title='bbox 547 2857 633 2925; x_wconf 91' lang='lat' dir='ltr'><strong>spolia</strong></span> <span class='ocrx_word' id='word_1_240' title='bbox 650 2856 703 2908; x_wconf 88' lang='lat' dir='ltr'><strong>ista</strong></span> <span class='ocrx_word' id='word_1_241' title='bbox 722 2856 850 2923; x_wconf 88' lang='lat' dir='ltr'><strong>diemque</strong></span> 
     </span>
     <span class='ocr_line' id='line_1_38' title="bbox 111 2931 960 3001; baseline -0.007 -13"><span class='ocrx_word' id='word_1_242' title='bbox 111 2934 219 2989; x_wconf 88' lang='lat' dir='ltr'><strong>Oderit.</strong></span> <span class='ocrx_word' id='word_1_243' title='bbox 257 2936 296 2987; x_wconf 81' lang='lat' dir='ltr'><strong>At</strong></span> <span class='ocrx_word' id='word_1_244' title='bbox 314 2933 379 2986; x_wconf 91' lang='lat' dir='ltr'><strong>socii</strong></span> <span class='ocrx_word' id='word_1_245' title='bbox 397 2933 483 2986; x_wconf 90' lang='lat' dir='ltr'><strong>multo</strong></span> <span class='ocrx_word' id='word_1_246' title='bbox 501 2934 606 3001; x_wconf 83' lang='lat' dir='ltr'><strong>gemitu</strong></span> <span class='ocrx_word' id='word_1_247' title='bbox 624 2931 795 2998; x_wconf 90' lang='lat' dir='ltr'><strong>lacrimisque</strong></span> <span class='ocrx_word' id='word_1_248' title='bbox 926 2957 960 2995; x_wconf 60' lang='lat'><strong>50,</strong></span> 
     </span>
     <span class='ocr_line' id='line_1_39' title="bbox 112 3007 828 3080; baseline -0.007 -16"><span class='ocrx_word' id='word_1_249' title='bbox 112 3011 267 3080; x_wconf 87' lang='lat' dir='ltr'><strong>Inpositam</strong></span> <span class='ocrx_word' id='word_1_250' title='bbox 286 3015 363 3063; x_wconf 91' lang='lat' dir='ltr'><strong>scuto</strong></span> <span class='ocrx_word' id='word_1_251' title='bbox 380 3008 502 3063; x_wconf 82' lang='lat' dir='ltr'><strong>referunt</strong></span> <span class='ocrx_word' id='word_1_252' title='bbox 521 3010 646 3062; x_wconf 86' lang='lat' dir='ltr'><strong>Pallanta</strong></span> <span class='ocrx_word' id='word_1_253' title='bbox 663 3007 828 3073; x_wconf 88' lang='lat' dir='ltr'><strong>frequentes.</strong></span> 
     </span>
    </p>
   </div>
   <div class='ocr_carea' id='block_1_3' title="bbox 112 3082 928 3232">
    <p class='ocr_par' dir='ltr' id='par_1_22' title="bbox 112 3082 928 3232">
     <span class='ocr_line' id='line_1_40' title="bbox 112 3082 866 3154; baseline -0.005 -13"><span class='ocrx_word' id='word_1_254' title='bbox 112 3087 232 3141; x_wconf 80' lang='lat' dir='ltr'><strong>O&#39;dolor</strong></span> <span class='ocrx_word' id='word_1_255' title='bbox 247 3090 330 3154; x_wconf 88' lang='lat' dir='ltr'><strong>atque</strong></span> <span class='ocrx_word' id='word_1_256' title='bbox 349 3085 432 3137; x_wconf 88' lang='lat' dir='ltr'><strong>decus</strong></span> <span class='ocrx_word' id='word_1_257' title='bbox 450 3102 579 3154; x_wconf 84' lang='lat' dir='ltr'><strong>magnum</strong></span> <span class='ocrx_word' id='word_1_258' title='bbox 597 3082 721 3136; x_wconf 90' lang='lat' dir='ltr'><strong>redituro</strong></span> <span class='ocrx_word' id='word_1_259' title='bbox 740 3083 866 3148; x_wconf 88' lang='lat' dir='ltr'><strong>parenti!</strong></span> 
     </span>
     <span class='ocr_line' id='line_1_41' title="bbox 113 3155 928 3232; baseline -0.007 -14"><span class='ocrx_word' id='word_1_260' title='bbox 113 3163 191 3218; x_wconf 88' lang='lat' dir='ltr'><strong>Haec</strong></span> <span class='ocrx_word' id='word_1_261' title='bbox 208 3166 238 3218; x_wconf 89' lang='lat' dir='ltr'><strong>te</strong></span> <span class='ocrx_word' id='word_1_262' title='bbox 255 3163 344 3232; x_wconf 86' lang='lat' dir='ltr'><strong>prima</strong></span> <span class='ocrx_word' id='word_1_263' title='bbox 362 3159 421 3213; x_wconf 91' lang='lat' dir='ltr'><strong>dies</strong></span> <span class='ocrx_word' id='word_1_264' title='bbox 438 3162 510 3214; x_wconf 89' lang='lat' dir='ltr'><strong>bello</strong></span> <span class='ocrx_word' id='word_1_265' title='bbox 528 3160 614 3225; x_wconf 91' lang='lat' dir='ltr'><strong>dedit,</strong></span> <span class='ocrx_word' id='word_1_266' title='bbox 632 3159 699 3210; x_wconf 83' lang='lat' dir='ltr'><strong>hacc</strong></span> <span class='ocrx_word' id='word_1_267' title='bbox 716 3155 813 3210; x_wconf 88' lang='lat' dir='ltr'><strong>eadem</strong></span> <span class='ocrx_word' id='word_1_268' title='bbox 830 3159 928 3226; x_wconf 86' lang='lat' dir='ltr'><strong>aufert,</strong></span> 
     </span>
    </p>
   </div>
   <div class='ocr_carea' id='block_1_4' title="bbox 0 0 1020 3524">
    <p class='ocr_par' dir='ltr' id='par_1_23' title="bbox 0 0 1020 3524">
     <span class='ocr_line' id='line_1_42' title="bbox 0 0 1020 3524; baseline 0 1"><span class='ocrx_word' id='word_1_269' title='bbox 0 0 1020 3524; x_wconf 95' lang='lat' dir='ltr'><strong> </strong></span> 
     </span>
    </p>
   </div>
  </div>
 </body>
</html>
