2032 3524
333 118 535 166 GEORGIOON
554 120 622 166 LIB⁴
643 119 693 166 111.
904 119 935 166 68

83 205 219 271 Squamea
237 200 397 254 convolvens
415 199 524 253 sublato
541 203 653 268 pectore
671 203 751 266 terga

85 281 179 346 Atque
197 277 269 329 notis
287 276 395 343 longam
413 276 565 329 maculosus
583 275 733 343 grandibus
750 275 848 340 alvum,

84 355 144 420 Qui,
164 354 229 405 dum
248 369 341 405 amnes
359 352 407 406 ulli
426 356 590 420 rumpuntur
607 351 728 404 fontibus
747 355 775 402 et
794 349 859 401 dum

84 431 157 483 Vere
176 429 288 481 madent
307 429 361 482 udo
379 432 471 482 terrae
490 446 521 481 ae
539 428 702 496 pluvialibus
720 427 827 494 austris,

78 508 186 574 ¹Stagna
203 507 274 571 colit,
292 507 413 573 ripisque
432 506 564 567 habitans,
582 506 625 557 hic
643 506 762 574 piscibus
780 509 868 557 atram
899 517 935 556 eo

85 583 220 651 lnprobus
238 583 383 650 ingluviem
403 583 531 650 ranisque
550 582 707 650 loquacibus
725 582 830 651 explet;

85 660 234 727 Postquam
253 665 349 712 exusta
367 659 452 728 palus,
471 662 617 727 terraeque
635 660 733 713 ardore
751 659 900 720 dehiscunt,

85 735 183 788 Exsilit
200 737 228 788 in
247 736 353 799 siccum,
373 740 401 789 et
420 737 587 789 flammantia
605 737 706 790 lumina
724 741 853 803 torquens

84 812 183 865 Saevit
195 813 274 880 agris,
294 831 428 881 asperque
448 814 492 864 siti
512 818 596 881 atquo
614 814 763 866 exterritus
780 813 865 863 aestu

84 888 109 939 N
112 905 143 941 oc
161 889 226 941 mihi
244 893 303 942 tum
322 891 410 942 mollis
429 891 479 943 sub
498 891 560 943 divo
578 908 689 958 carpere
708 904 821 952 somnos,
899 897 935 938 4⁸⁶

77 963 110 1016 -Ν
112 981 146 1017 eu
164 965 245 1018 dorso
262 968 379 1019 nemoris
397 967 482 1020 libeat
500 967 613 1019 iacuisse
631 983 681 1034 per
698 964 803 1030 herbas,

84 1040 153 1092 Cum
171 1043 267 1109 positis
285 1060 370 1095 novus
389 1043 493 1096 exuviis
510 1043 668 1110 nitidusque
686 1043 796 1094 iuventa

85 1116 218 1185 Volvitur,
237 1124 285 1172 aut
303 1121 406 1172 catulos
425 1120 505 1172 tectis
524 1126 571 1171 aut
590 1136 640 1170 ova
657 1119 819 1185 relinquens,

84 1193 198 1247 Arduus
216 1196 251 1248 ad
271 1196 363 1260 solem,
382 1199 411 1247 et
429 1195 529 1262 linguis
548 1194 631 1247 micat
648 1210 695 1246 ore
713 1192 836 1246 trisulcis.

120 1271 278 1323 Morborum
297 1288 406 1340 quoque
425 1275 453 1324 te
472 1287 580 1324 caussas
601 1274 636 1343 et¹
648 1271 724 1338 signa
742 1269 853 1343 docebo.
900 1280 936 1319 uo

84 1344 183 1413 Turpis
200 1347 256 1399 ovis
275 1352 393 1416 temptat
411 1349 521 1413 scabies,
539 1349 586 1402 uhi
604 1348 719 1417 frigidus
736 1345 824 1399 imber

86 1421 178 1473 Altius
196 1423 232 1475 ad
250 1425 339 1477 vivum
358 1424 479 1494 persedit
498 1432 526 1479 et
543 1425 653 1478 horrida
670 1442 735 1477 cano

87 1498 189 1551 Bruma
207 1501 278 1567 gelu,
297 1502 338 1554 vel
358 1519 419 1554 cum
439 1504 524 1555 tonsis
543 1503 643 1556 inlotus
661 1500 784 1554 adhaesit

86 1573 183 1640 Sudor,
202 1580 230 1629 et
249 1577 347 1630 hirsuti
366 1583 511 1632 secuerunt
530 1596 642 1646 corpora
660 1594 761 1644 vepres.

88 1651 219 1703 lluleibus
237 1653 338 1706 ideireo
357 1655 445 1709 fluviis
463 1672 546 1723 pecus
565 1671 645 1706 omne
663 1652 785 1720 magistri
900 1665 937 1705 445

87 1722 265 1792 l‘erfundunt,
284 1731 400 1798 udisque
419 1733 488 1784 aries
507 1733 535 1783 in
553 1731 663 1798 gurgite
682 1729 751 1782 villis

86 1802 232 1871 Mersatur,
251 1807 404 1874 missusque
423 1809 542 1861 secundo
561 1807 657 1860 defluit
675 1807 761 1868 amni;

89 1882 146 1931 Aut
165 1882 273 1934 tonsum
292 1885 365 1936 tristi
385 1886 546 1952 contingunt
563 1901 659 1952 corpus
677 1899 796 1948 amurga,

88 1955 123 2006 lit
142 1971 251 2022 spumas
269 1959 383 2011 miscent
401 1961 507 2027 argenti
526 1962 640 2026 vivaque
659 1960 760 2011 sulfura

90 2030 242 2097 Idaeasque
259 2034 333 2099 pices
352 2040 380 2085 et
398 2036 506 2102 pinguis
524 2037 642 2101 unguine
661 2051 736 2086 coras
903 2047 937 2086 450

87 2106 253 2174 Scillanrque
272 2108 460 2176 elleborosque
478 2110 568 2176 gravis
587 2110 749 2175 nigrumque
768 2108 897 2161 bitumen.

88 2183 149 2236 Non
168 2187 258 2235 tamen
277 2183 332 2235 ulla
350 2186 436 2252 magis
453 2201 580 2253 praesens
598 2185 707 2236 fortuna
724 2182 846 2235 laborum
864 2187 914 2249 est,

88 2260 177 2322 Quam
196 2259 217 2312 si
237 2260 298 2327 quis
318 2261 389 2312 ferro
407 2260 498 2329 potuit
516 2259 672 2313 rescindere
690 2275 824 2311 summum

88 2335 196 2387 Ulceris
214 2352 257 2389 os:
277 2336 359 2389 alitur
378 2339 473 2390 vitium
493 2338 613 2407 vivitque
632 2336 757 2403 tegendo,

91 2411 163 2462 llum
181 2412 300 2465 medieas
319 2413 449 2466 adhihere
468 2430 563 2466 manus
581 2413 617 2466 ad
635 2412 745 2465 volnera
763 2415 857 2478 pastor
902 2426 938 2465 eie

91 2486 227 2554 Abnegat,
245 2492 293 2542 aut
310 2490 423 2542 meliora
440 2490 506 2543 deos
525 2489 603 2543 sedet
620 2490 709 2542 omina
726 2505 845 2557 poscens.

90 2562 162 2626 Quin
180 2564 270 2629 etiarn,
288 2567 343 2619 ima
361 2567 439 2620 dolor
456 2567 596 2620 balantum
615 2567 706 2634 lapsus
724 2565 760 2619 ad
778 2581 840 2618 ossa

90 2639 160 2692 Cum
178 2640 244 2694 furit
262 2647 345 2711 atque
363 2648 439 2696 artus
458 2643 615 2711 depascitur
633 2643 710 2696 arida
727 2641 817 2705 febris,

92 2715 198 2768 Profuit
216 2719 337 2771 incensos
355 2722 446 2771 aestus
464 2723 588 2772 avertere
606 2723 635 2774 et
653 2720 725 2771 inter

93 2792 153 2843 lma
170 2793 251 2846 ferire
269 2794 347 2862 pedis
365 2795 506 2848 salientem
525 2795 655 2861 sanguine
674 2809 784 2857 venam3
903 2765 941 2843 aab

92 2861 211 2922 Bisaltae
231 2886 284 2936 quo
303 2887 377 2922 more
396 2872 483 2923 solent
501 2887 617 2938 acerque
636 2871 762 2931 Gelonus,

93 2943 161 2996 Cum
180 2945 250 3010 fugit
268 2945 295 2997 in
316 2945 466 3014 Rhodopen
485 2950 569 3014 atque
586 2948 613 2998 in
632 2947 742 2999 deserta
761 2945 893 2997 Getarum

93 3019 130 3071 nt
147 3019 188 3072 lac
206 3023 362 3073 concretum
379 3037 440 3073 eum
459 3022 587 3088 sanguine
605 3026 683 3090 potat
700 3019 807 3087 equine.

93 3093 180 3157 Quam
198 3096 290 3163 procul
309 3100 357 3148 aut
374 3095 449 3149 molli
467 3098 612 3151 succedere
630 3096 736 3164 saepius
754 3095 865 3148 umbrae

93 3167 212 3226 Videris.
228 3175 277 3225 aut
295 3187 414 3225 summas
431 3175 588 3240 carpentem
606 3171 728 3240 ignavius
745 3170 851 3239 herbas,
904 3184 940 3224 eoo
