2032 3524
92 114 123 162 74
326 110 354 159 P.
375 109 526 158 vnuolnl
545 110 709 159 MARONIS

92 192 219 245 Proderit
236 195 265 246 ct
283 196 394 246 tunsum
411 191 499 258 gallae
517 191 669 245 admiscere
687 208 812 261 soliarem

92 268 259 335 Arentisque
277 284 360 329 rosas,
377 273 425 319 aut
442 267 497 333 igni
515 267 625 335 pinguia
643 267 730 321 multo

91 342 214 407 llelrnta,
232 343 275 395 rel
295 342 399 396 Psithia
416 360 509 411 pausos
528 344 563 396 de
581 343 637 397 vite
657 361 778 399 racemos

91 419 305 486 Peeropiumque
323 419 445 487 thyinum
463 426 491 472 ct
509 437 591 487 grave
611 420 712 474 olentia
730 426 884 479 oenuuea
906 440 945 481 ne

91 495 141 548 list
160 496 242 547 etiam
261 495 310 548 flos
328 496 355 547 in
373 497 467 563 piratis,
485 497 528 549 eui
546 514 643 550 nomen
663 498 761 551 amello

91 572 193 624 Fecere
210 572 351 638 agericolnq
369 573 455 625 facilis
473 573 668 639 quaerentibus
687 573 784 639 herba;

90 649 216 717 Namque
233 665 287 701 uno
305 649 443 715 ingentem
461 649 534 702 tellit
553 649 587 702 de
607 651 728 718 caespite
747 653 850 721 silvam,

93 727 199 778 Aureus
216 725 283 792 ipse,
302 725 351 777 sed
369 726 397 778 ia
415 726 493 792 soliis,
512 744 583 794 quae
600 726 719 794 plurima
737 728 839 783 circum

91 802 260 869 Funduntur,
279 802 365 855 violae
383 803 507 856 sublucet
524 820 645 870 purpura
663 805 771 872 uigrae;
908 818 945 860 m

90 880 176 947 Saepe
195 879 276 933 deum
295 880 371 933 nexis
391 886 501 932 ornatae
519 879 662 946 torquibus
680 898 759 945 urae;

92 957 180 1024 Asper
198 957 226 1009 iu
244 973 292 1011 oro
310 974 404 1024 sapon
423 957 508 1009 tonsis
526 957 553 1008 iu
572 956 687 1010 vallibus
704 957 780 1012 illum

90 1032 216 1085 Pastores
235 1036 263 1086 et
281 1024 363 1085 curva
380 1034 475 1099 legunt
493 1050 578 1102 prope
597 1032 709 1087 flumina
727 1034 834 1089 Mellae

91 1109 180 1161 lluius
198 1109 311 1162 odorato
329 1110 435 1163 radices
453 1109 568 1177 incoque
587 1109 700 1176 Baccho,

90 1185 246 1254 Pabulaquc
264 1186 291 1238 in
310 1186 412 1238 loribus
429 1186 518 1254 plenis
536 1186 644 1253 adpone
663 1188 796 1241 canistris.
906 1202 945 1243 ssa

124 1263 179 1315 Sed
197 1263 219 1315 si
238 1279 320 1331 quem
338 1262 428 1329 proles
447 1261 538 1314 subito
556 1261 693 1315 defecerit
711 1264 804 1331 omnis,

90 1338 153 1403 liae,
172 1356 258 1405 genus
276 1337 349 1390 unde
367 1354 451 1390 norae
470 1338 562 1405 stirpis
581 1343 734 1407 revocetur,
751 1339 881 1405 habebit3

90 1416 207 1482 Tempus
225 1419 254 1468 et
274 1414 386 1467 Arcadii
405 1414 580 1467 memoranda
598 1415 713 1469 inventa
730 1416 854 1484 magistri

91 1492 222 1557 Pandere,
241 1489 447 1559 quoquomodo
466 1491 551 1543 caesis
569 1492 622 1543 iarn
643 1508 725 1560 saepe
743 1493 863 1547 iuvencis

91 1569 245 1621 insincerus
263 1584 327 1635 apes
345 1566 441 1620 tulerit
458 1583 545 1619 cruor.
585 1567 677 1621 Altius
696 1585 803 1622 omnem
907 1581 945 1622 η

92 1645 241 1713 llxpediam
260 1647 347 1713 prima
365 1647 494 1711 repetens
511 1643 546 1696 ab
566 1645 671 1710 origine
689 1645 795 1699 famam.

91 1722 160 1774 h'am
179 1739 234 1790 qna
253 1721 353 1774 Pellaei
371 1738 437 1787 gens
455 1721 595 1774 fortunata
614 1722 716 1789 Canopi

92 1798 197 1852 Accolit
215 1798 299 1852 effuso
318 1801 491 1864 stagnantem
510 1796 620 1850 flumine
639 1797 731 1849 Nilum

91 1873 127 1926 lit
145 1875 246 1927 circum
264 1875 343 1941 pictis
362 1873 470 1926 vehitur
488 1889 536 1925 sua
553 1889 618 1925 rura
636 1871 762 1940 phaselis,

92 1951 206 2018 Quaque
224 1950 398 2018 pharetratae
416 1949 514 2002 vicinia
533 1948 655 2002 Persidis
675 1951 781 2015 urguet,
908 1960 948 2002 m

92 2026 128 2081 Et
146 2027 253 2080 diversa
272 2044 352 2079 ruens
370 2031 474 2094 septem
495 2025 624 2078 ‹liscurrit
643 2025 671 2077 in
689 2040 736 2077 ora

93 2105 130 2158 Et
147 2103 261 2156 viridem
282 2105 436 2171 Aegyptum
455 2102 533 2168 nigra
550 2101 681 2155 fecundat
699 2117 781 2156 arena

92 2181 186 2251 l'sque
204 2181 330 2234 coloratis
348 2180 434 2234 amnis
453 2178 573 2231 devexus
591 2177 626 2230 ab
645 2176 730 2242 Indis,

93 2259 187 2311 Omnis
204 2259 232 2312 iu
250 2257 301 2310 hac
318 2263 421 2311 certam
440 2256 514 2322 regio
532 2255 597 2307 iacit
614 2257 675 2307 arte
695 2252 816 2307 salutem.

93 2334 214 2401 Exigrms
232 2336 349 2402 primum
368 2338 450 2401 atque
468 2334 541 2399 ipsos
559 2334 717 2384 contractus
735 2330 771 2383 ad
788 2344 853 2383 usus
910 2344 949 2385 m

94 2410 209 2477 Eligitur
227 2411 301 2463 loeus
310 2432 316 2475 ;
333 2410 405 2462 hune
424 2408 588 2476 angustique
607 2407 721 2461 imbrice
738 2406 806 2460 tecti

95 2486 302 2553 l’arietibusqnc
320 2490 448 2553 premunt
466 2485 540 2550 artis,
560 2488 589 2537 et
609 2487 741 2553 quattuor
758 2481 874 2548 addunt,

95 2564 230 2626 Quattuor
247 2579 264 2614 a
281 2562 376 2627 ventis,
395 2561 504 2629 obliqua
523 2561 582 2614 luce
600 2561 742 2613 fenestras.

95 2641 161 2693 l‘uni
181 2639 281 2693 vitulus
299 2637 373 2690 bima
390 2655 504 2690 curvans
522 2639 575 2690 iarn
596 2654 698 2690 cornua
717 2636 807 2689 fronte

96 2718 254 2780 (demeritum
275 2716 338 2769 huic
355 2717 478 2782 geminae
497 2732 575 2767 nares
595 2719 623 2767 et
642 2714 753 2782 spiritus
771 2711 826 2765 oris
912 2722 952 2764 nt

97 2793 184 2845 hlnlta
201 2793 347 2846 reluctanti
364 2792 522 2857 obstruntur,
539 2792 682 2859 plagisque
701 2790 845 2858 perempto

96 2869 186 2921 'lurica
203 2887 253 2938 per
270 2870 404 2936 integram
424 2870 565 2923 solvuntur
583 2868 687 2920 viscera
707 2865 813 2934 pellem.

96 2945 139 2999 Sic
157 2947 276 3013 positum
294 2946 321 2997 in
340 2946 430 2999 clauso
448 2947 581 3013 linquunt,
602 2950 631 2996 ct
650 2961 744 2997 ramea
762 2941 845 2996 costis

96 3021 248 3075 subiiciunt
264 3020 424 3088 fragmenta,
443 3021 565 3089 thymum
584 3021 726 3087 casiasque
744 3016 870 3072 recentis

96 3099 158 3152 Hoc
170 3098 284 3166 geritur,
297 3098 426 3165 Zephyris
438 3098 557 3167 primum
570 3097 765 3163 inpellentibus
778 3094 874 3163 undas,
912 3104 953 3149 m

97 3177 172 3231 Ante
191 3175 266 3228 navis
285 3173 402 3226 rubeant
420 3189 500 3240 quam
519 3183 597 3241 prata
615 3172 756 3239 coloribus,
775 3178 840 3226 erite
