2032 3524
82 60 127 105 ma
323 60 351 105 P.
370 59 523 107 VERGILI
542 60 704 110 MARONIS

81 137 147 190 Tum
167 154 230 191 vero
248 138 410 191 tremefacta
427 155 512 192 novus
530 157 580 208 per
597 144 708 208 pectora
725 144 831 198 eunctis

82 214 206 267 lnsinuat
224 231 314 281 parer,
333 218 361 267 et
380 214 467 268 scelus
486 215 648 283 expendisse
665 223 815 272 merentem

81 289 234 342 Laocoonta
251 289 350 355 ferunt,
370 306 475 343 sacrum
494 291 541 359 qui
559 292 671 358 cuspide
690 293 771 346 robur
791 311 793 316 ·
894 313 929 352 m

80 365 204 419 haeserit
221 369 250 419 et
269 370 346 432 tergo
365 367 524 419 sceleratam
543 368 684 420 intruserit
702 369 815 423 hastam.

80 441 239 495 Ducendum
258 442 293 494 ad
312 441 391 495 sedes
410 442 583 497 simulacrum
601 444 757 512 orandaque
775 447 854 500 divae

80 518 197 571 Numina
214 518 388 571 conclamant.

79 594 232 648 Dividimus
251 612 342 647 mures
360 598 389 647 et
406 596 513 648 moenia
530 597 674 663 pandimus
692 598 775 651 urbis.

79 672 232 737 Accingunt
250 687 343 724 onmes
362 672 443 739 operi,
463 672 632 741 pedibusque
651 677 771 726 rotarum
894 693 930 731 aas

79 746 228 800 Siilriiciunt
247 747 344 814 lapsus,
363 751 392 799 et
410 752 527 814 stuppea
545 748 651 801 vincula
668 749 736 801 collo

79 823 237 876 luteudunt.
273 823 384 875 Scandit
402 823 490 875 fatalis
509 824 632 876 ruachina
649 841 747 889 mures,

79 899 147 951 Feta
164 900 253 951 armis.
292 898 372 950 l’ucri
391 898 491 951 circum
510 901 694 967 innuptaeque
711 901 818 968 puellae

78 975 159 1027 Sacra
178 978 285 1042 canunt,
303 974 450 1041 funemque
468 992 549 1028 manu
567 977 725 1042 contingere
744 978 873 1044 gaivdent.

79 1051 130 1103 llla
149 1051 228 1116 subit,
247 1049 408 1118 mediaeque
427 1051 532 1103 rninans
549 1051 679 1104 inlabitur
697 1052 763 1104 urbi.
891 1069 927 1109 ab

78 1128 101 1177 0
120 1127 215 1194 patria,
234 1143 250 1179 e
269 1126 359 1178 divom
379 1127 475 1179 demus
496 1127 584 1192 lhum,
602 1131 631 1180 01
649 1128 751 1181 incluta
769 1128 840 1181 bede

79 1202 188 1255 Moenia
207 1201 411 1254 Dardanidum!
431 1206 529 1268 quater
546 1204 605 1269 ipso
624 1203 651 1255 in
669 1203 761 1256 limine
779 1208 874 1271 portae

78 1278 214 1344 Substitit,
233 1281 316 1343 atque
335 1282 412 1329 utero
431 1278 548 1330 sonitum
567 1283 665 1346 quater
682 1295 758 1332 arma
775 1280 892 1346 dedere;

79 1355 216 1406 Instemus
234 1357 326 1405 tamen
344 1353 506 1405 inmemores
524 1355 651 1423 caecique
670 1355 769 1422 furere,

78 1430 114 1482 llt
132 1433 282 1481 irienstrum
301 1428 393 1481 infelix
412 1434 517 1482 sacrata
536 1431 655 1483 sistimus
674 1447 743 1485 aree.
890 1449 927 1488 245

77 1506 150 1558 Tunc
169 1506 251 1557 etiam
269 1504 334 1558 fatis
351 1505 441 1571 aperit
461 1505 613 1558 Cassandra
631 1507 730 1559 futuris

78 1581 139 1645 Ora,
158 1582 201 1633 dei
220 1581 293 1633 iussu
311 1597 365 1632 nen
383 1598 512 1648 umquam
531 1583 635 1636 credita
653 1583 769 1637 Teucris.

77 1657 134 1710 Nes
152 1657 266 1709 delubra
284 1655 366 1709 deum
384 1657 484 1723 miseri,
503 1658 601 1726 quibus
619 1659 731 1712 ultimus
749 1662 823 1714 esset

78 1734 128 1786 1110
148 1735 215 1801 dies,
231 1734 301 1786 festa
319 1733 438 1786 velanms
456 1734 553 1786 frende
571 1751 620 1802 per
638 1735 739 1788 urbem

112 1811 238 1862 Vertitur
256 1811 362 1862 interea
379 1810 483 1862 eaelum
502 1814 530 1863 01
548 1811 604 1864 ruit
622 1827 721 1864 oceane
741 1812 811 1879 Nox,
889 1827 927 1868 100

78 1887 220 1938 Involvens
238 1885 334 1938 umbra
352 1903 448 1953 magna
466 1891 623 1954 terramque
640 1887 787 1955 polumque

77 1962 332 2030 Myrmidonumque
350 1962 442 2027 dolos;
459 1962 511 2015 1031
530 1981 579 2031 per
597 1964 703 2016 moenia
723 1964 820 2017 Teucri

78 2038 252 2104 Conticuere;
271 2055 351 2107 seper
369 2039 454 2092 103303
472 2040 652 2106 conplectitur
669 2044 751 2092 artus.

77 2115 113 2168 Et
131 2116 182 2167 iam
204 2116 307 2183 Argiva
324 2115 441 2184 phalanx
460 2115 600 2168 instructis
617 2114 729 2166 navibus
747 2115 804 2169 ibat

77 2194 103 2243 A
123 2191 239 2259 Tenedo,
257 2193 356 2245 tacitae
375 2208 424 2258 per
442 2192 528 2244 ararica
546 2191 653 2244 silentia
671 2190 749 2243 lunae
889 2207 927 2247 26⁶

76 2268 170 2319 Litora
188 2271 373 2334 0010001003,
393 2266 514 2318 flammas
532 2283 593 2318 cum
612 2266 686 2332 regia
704 2265 802 2334 puppis

75 2342 227 2406 Extnlorat,
246 2343 364 2408 fatisque
383 2340 464 2393 deum
483 2341 611 2394 defensus
631 2341 729 2408 iniquis

78 2418 198 2470 lnclusos
216 2421 294 2470 utero
314 2417 422 2470 Danaes
441 2421 468 2470 et
487 2417 566 2484 pinca
583 2417 678 2469 furtim

77 2495 163 2547 laxat
181 2493 299 2546 claustra
318 2493 406 2546 Sinon.
446 2493 510 2545 lllos
528 2493 681 2561 patefactus
700 2493 735 2546 ad
753 2510 833 2547 auras

77 2570 181 2622 Reddit
199 2586 293 2635 equus,
312 2569 430 2636 laetique
448 2585 513 2621 cave
533 2586 561 2621 se
580 2570 678 2622 robore
696 2573 825 2636 promunt
889 2582 926 2623 100

76 2645 261 2698 Thessandrus
280 2646 479 2712 Sthenelusque
498 2644 579 2698 duces
598 2650 626 2697 et
645 2645 722 2697 dirus
740 2645 843 2711 Ulixes,

77 2723 231 2774 hemissum
249 2721 317 2788 lapsi
335 2739 384 2789 per
402 2722 502 2786 funem,
523 2723 701 2788 Acamasque,
722 2720 871 2788 Thoasque,

76 2798 239 2865 Pelidesque
258 2797 460 2864 Neoptolemus,
478 2798 636 2865 primusque
656 2796 796 2863 Machaon,

76 2874 112 2928 Et
131 2874 278 2940 Menelaus,
297 2874 402 2940 etipse
420 2872 475 2924 doli
494 2872 641 2924 fabricator
660 2872 757 2939 Epeus.

77 2951 214 3004 Invadunt
232 2949 328 3002 urbem
347 2965 438 3000 somno
457 2949 572 3017 vinoque
591 2947 740 3015 sepultam;
889 2958 924 3000 aar

76 3026 235 3080 Caeduntur
252 3026 354 3092 vigiles,
372 3023 513 3092 portisque
531 3023 688 3093 patentibus
706 3021 793 3076 omnis

78 3102 223 3168 decipiunt
241 3102 325 3156 socies
342 3103 425 3168 atque
443 3100 549 3169 agmina
567 3099 674 3154 conscia
690 3098 813 3167 iungunt
