2032 3524
332 110 519 160 AENEIDOS
535 112 605 162 LIB.
625 113 689 162 XII.
890 109 935 154 333

83 187 249 254 Insequitur,
268 187 425 262 trepidique
442 190 541 258 pedem
559 191 632 260 pedo
649 191 772 246 fervidus
790 191 905 257 urguet:

83 262 221 316 Inclusum
240 263 365 334 velutisi
384 267 493 334 quando
510 267 621 322 flumine
638 271 733 321 nactus

82 339 199 392 Corvum
217 343 265 392 aut
283 340 414 408 puniceae
432 345 559 410 saeptum
576 343 723 397 formidine
739 358 845 412 pennae
899 353 936 395 700

82 414 206 467 Venator
223 431 304 468 cursu
322 417 396 470 canis
415 420 444 470 et
462 418 608 472 latratibus
626 420 727 484 instat3

82 490 133 543 1110
152 494 252 558 autem,
270 491 377 546 insidiis
395 497 424 546 et
442 494 502 562 ripa
520 495 635 548 territus
652 495 717 561 alta,¹
829 541 831 544 .

81 566 158 619 Mille
176 567 247 634 fugit
265 568 423 637 refugitque
440 570 510 624 rias:
529 574 559 623 at
577 570 684 625 vividus
702 569 808 624 Umber

82 642 187 696 Haeret
205 643 290 711 hians,
308 644 361 696 iam
379 646 488 714 iamque
506 649 590 714 tenet,
609 646 758 714 similisque
776 643 881 699 tencnt'

82 718 223 787 increpuit
241 719 326 787 malis,
344 736 491 790 morsuque
510 722 601 775 clusus
619 723 693 775 inani
711 725 761 774 est.
899 731 935 772 705

81 794 148 847 Tum
167 806 231 847 vero
250 796 372 850 exoritur
390 797 499 864 clamer,
519 799 649 866 ripaeque
667 798 795 864 lacusque

81 869 253 940 Responsant
271 872 348 938 eirea,
367 876 396 926 01
413 873 515 926 caelum
535 877 613 927 tonat
631 889 710 926 omne
728 871 856 925 tumultu.

81 945 133 999 1110
151 946 230 999 simul
249 947 355 1015 fugiens
375 948 491 1002 Rutulos
510 949 590 1000 simul
608 949 731 1016 increpat
749 947 844 1010 omnis,

80 1022 196 1075 Nomine
214 1039 350 1092 quemque
369 1040 475 1089 vocans,
495 1027 646 1092 notumque
664 1023 798 1090 efflagitat
815 1037 916 1075 ensem.

81 1099 189 1152 Aeneas
206 1104 322 1153 mortem
340 1103 435 1153 eontra
452 1117 636 1168 praesensque
654 1100 774 1152 minatur
897 1110 933 1152 700

81 1172 213 1239 Exitium,¹
229 1175 251 1226 si
270 1176 412 1244 quisquam
432 1176 522 1243 adeat,
541 1179 683 1245 terretque
701 1174 854 1239 trementis,

80 1249 240 1303 Excisurum
259 1251 355 1304 urbem
374 1251 510 1319 minitans,
530 1255 560 1305 et
579 1253 684 1305 saueius
701 1251 792 1304 instat.

81 1325 205 1394 Quinque
223 1327 296 1379 erbis
314 1328 425 1396 explent
443 1345 532 1394 cursu,
549 1328 722 1395 totidemque
740 1328 870 1379 retexunt

80 1401 142 1454 Huc
159 1402 237 1467 illue;
255 1420 343 1471 neque
363 1404 434 1456 enim
452 1405 523 1457 levia
542 1407 590 1457 aut
608 1404 713 1456 ludicra
730 1405 863 1470 petuntur

81 1476 211 1546 Praemia,
224 1478 274 1532 sed
286 1479 369 1531 Turni
382 1480 417 1532 de
431 1480 488 1532 vita
500 1483 529 1533 et
541 1479 671 1547 sangnine
683 1481 798 1532 certant.
897 1487 932 1531 toa

80 1552 164 1606 Forte
181 1570 257 1607 sacer
275 1555 369 1607 Fauno
387 1555 458 1608 feliis
476 1556 595 1608 oleaster
613 1553 713 1608 amaris

80 1627 134 1681 Hic
151 1631 274 1696 steterat,
292 1631 383 1683 nautis
401 1630 465 1683 elim
484 1630 641 1685 venerabile
658 1630 770 1698 lignum,

79 1703 186 1757 Servati
203 1723 237 1757 ex
255 1705 337 1759 undis
355 1705 402 1758 ubi
420 1707 505 1774 figere
524 1707 595 1760 dona
614 1705 738 1760 solebant

79 1779 208 1833 Laurenti
227 1781 290 1834 divo
308 1786 337 1834 et
355 1785 431 1834 votas
451 1782 617 1848 suspendere
635 1785 739 1844 vestes3

78 1855 134 1909 Sed
152 1857 265 1922 stirpem
284 1857 380 1908 Teucri
398 1857 471 1908 nullo
490 1856 646 1908 discrimine
665 1872 770 1908 sacrum
894 1865 931 1907 770

78 1931 258 1995 Sustulerant‚
276 1947 344 1997 puro
363 1934 394 1982 ut
412 1935 524 1998 possent
542 1947 704 1984 concurrere
722 1945 824 1998 eampo.

79 2008 133 2061 Hie
150 2006 229 2058 hasta
248 2007 359 2058 Aeneae
378 2005 485 2071 stabat;
503 2005 555 2058 hue
574 2007 693 2073 impetus
711 2006 784 2058 illam

80 2083 229 2149 Detulerat,
248 2082 331 2134 fixam
350 2084 379 2134 et
397 2082 471 2135 lenta
489 2083 518 2135 in
536 2082 628 2134 radice
646 2081 766 2135 tenebat.

79 2159 207 2213 Incubuit
224 2158 364 2226 voluitque
383 2150 464 2210 rnanu
481 2157 632 2211 convellere
650 2158 752 2210 ferrum

80 2235 258 2302 Dardanides,
272 2234 382 2300 teloque
397 2233 481 2301 sequi,
494 2250 576 2302 quem
589 2233 725 2300 prendere
737 2248 818 2286 cursu
893 2244 928 2287 777

80 2311 140 2364 Non
157 2314 272 2380 poterat.
309 2310 377 2362 Turn
395 2326 459 2362 vcro
478 2325 571 2362 amens
589 2308 734 2361 formidine
753 2309 867 2372 Turnus,

81 2387 179 2454 Faune,
197 2403 300 2455 precor,
319 2386 458 2450 miserere,
477 2385 567 2452 inquit
585 2388 670 2452 tuque
693 2387 805 2451 optuma
826 2383 927 2436 ferrum

80 2462 162 2515 'l'orra
178 2467 249 2528 tene,
269 2463 338 2516 colui
356 2465 462 2514 vestros
481 2461 503 2513 si
523 2476 631 2527 semper
648 2459 771 2525 honores,

82 2539 153 2602 Ques
171 2542 265 2595 centra
284 2537 430 2590 Aeneadae
448 2535 521 2590 bello
539 2536 629 2589 fecero
646 2535 780 2604 profanos.

84 2612 166 2680 nisit,
184 2630 318 2682 opemque
336 2613 380 2666 dei
399 2630 452 2665 nen
470 2628 546 2665 cassa
564 2611 591 2663 in
611 2614 674 2664 veta
692 2609 804 2663 vocavit.
842 2638 844 2642 ·
896 2620 930 2662 700

81 2688 204 2756 Namque
223 2690 270 2742 diu
287 2691 393 2743 luctans
411 2689 540 2755 lenteque
558 2687 586 2739 in
605 2687 692 2754 stirpe
709 2688 830 2738 moratus

82 2763 192 2816 Viribus
208 2763 283 2818 haud
299 2765 361 2817 ullis
379 2764 463 2817 valuit
482 2763 635 2816 discludere
653 2777 758 2814 morsus

83 2839 197 2892 Roboris
216 2840 331 2893 Aeneas.
367 2840 438 2892 Dum
456 2839 554 2893 nititur
572 2854 635 2891 acer
653 2840 681 2890 et
698 2836 790 2900 instat,

83 2916 187 2968 ltnrsus
204 2915 233 2967 in
250 2915 361 2982 aurigae
378 2916 473 2969 faciem
492 2918 597 2968 mutata
616 2911 724 2965 Metisci

85 2990 221 3044 Procurrit
238 2990 371 3057 fratrique
390 3007 481 3043 ensem
499 2990 552 3044 dea
570 2988 677 3042 Daunia
693 2985 792 3040 reddit.
886 2991 923 3032 787

82 3065 161 3132 Quod
180 3065 275 3119 Venus
292 3064 389 3118 audaci
407 3064 547 3132 Nymphae
565 3065 707 3131 indignata
724 3061 814 3126 licere,

85 3141 213 3206 Accessit,
231 3140 373 3207 telumque
390 3138 447 3191 alta
464 3139 499 3192 ab
516 3140 608 3193 radice
626 3138 739 3193 revellit.
