2032 3524
336 114 519 164 AENEIDOS
537 115 607 164 LIB.
626 115 676 162 VI.
884 118 930 165 193

82 197 210 266 Quisquis
229 213 266 264 ea,
285 199 406 251 armatus
424 195 473 264 qui
490 200 584 249 nostra
601 195 638 249 ad
656 196 768 248 flumina
786 196 884 265 tendis,

81 276 152 330 Fare
164 291 222 342 age,
235 273 301 343 quid
316 274 415 336 venias,
428 274 481 325 iam
494 273 582 336 istinc,
596 277 625 327 et
638 275 786 341 comprime
798 291 931 340 gressum,

80 352 246 411 Umbrarum
259 350 303 403 hic
314 351 388 403 loeus
402 354 451 416 cst,
465 349 556 402 Somni
570 350 720 417 Noctisque
733 349 860 417 soporum
894 365 933 404 sao

81 430 202 496 Corpora
218 428 280 479 viva
298 426 374 479 nefas
393 425 486 493 Stygia
504 428 614 479 vectare
632 427 729 480 carina.

80 505 138 558 Nec
157 520 221 557 vero
241 501 357 556 Alciden
377 519 421 554 me
439 519 498 554 sum
517 501 635 555 laetatus
653 505 764 555 cuntem

81 581 228 649 Accepisse
246 579 314 646 lacu,
332 595 382 631 nec
401 577 506 631 Thesea
525 577 740 647 Pirithoumque,

80 657 129 710 Dis
147 672 312 724 quamquam
330 654 416 720 gerriti
434 657 518 721 atque
536 654 629 707 invicti
648 655 750 708 viribus
768 658 868 709 essent.

79 734 239 787 Tartareum
257 732 303 784 ille
321 747 403 782 manu
421 730 562 783 custodem
581 732 608 783 in
626 732 713 784 vinela
730 732 837 800 petivit,
894 745 933 784 aa»

45 817 46 820 ’
81 810 171 878 Ipsius
189 826 206 861 a
223 809 290 861 solio
308 808 387 874 regis,
407 807 547 875 traxitque
566 811 746 872 trementem;

80 885 120 938 Hi
138 885 274 938 dominam
293 884 366 936 Ditis
385 883 505 935 thalamo
524 883 662 936 deducere
680 883 778 938 adorti.

80 961 156 1022 Quae
174 964 269 1014 contra
287 960 409 1012 breviter
427 959 485 1012 fata
503 965 545 1011 est
565 960 730 1027 Amphrysia
748 963 839 1014 vates:

79 1038 178 1092 Nullae
196 1037 241 1090 bic
258 1036 373 1089 insidiae
391 1036 476 1101 tales;
495 1035 597 1088 absiste
616 1037 734 1100 moveri;

79 1113 139 1168 Nee
156 1114 210 1166 vim
229 1113 285 1167 tela
302 1113 410 1176 ferunt;
427 1112 492 1164 lieet
509 1112 605 1178 ingens
623 1113 723 1164 ianitor
741 1116 819 1165 antro
894 1126 931 1166 coo

81 1192 233 1246 Aeternum
251 1190 354 1242 latrans
373 1188 518 1254 exsanguis
537 1192 641 1240 terreat
659 1188 777 1255 umbras,

80 1266 163 1321 Casta
180 1266 245 1319 lieet
263 1266 354 1334 patrui
373 1269 464 1317 servet
485 1264 649 1333 Proserpina
667 1264 756 1317 limen.

80 1343 175 1396 'l'roius
195 1343 310 1407 Aeneas,
329 1330 435 1409 pietate
452 1341 564 1407 insignis
582 1344 610 1393 et
629 1341 718 1407 armis,

81 1419 126 1472 Ad
145 1414 295 1486 genitorem
314 1419 383 1471 imas
402 1416 483 1469 Erebi
503 1417 645 1470 descendit
664 1417 698 1470 ad
716 1418 833 1472 umbras.

80 1495 108 1548 Si
126 1500 155 1548 tc
173 1495 247 1547 nulla
265 1498 358 1547 movet
377 1497 470 1545 tantae
489 1493 600 1560 pietatis
619 1494 715 1561 imago,
893 1511 932 1548 roa

81 1573 121 1623 At
139 1587 243 1623 ramum
262 1569 458 1636 huuc-—aperit
477 1585 589 1635 rannun,
608 1571 654 1638 qui
672 1576 748 1624 veste
766 1572 908 1626 latebat-

81 1646 248 1714 Adgnoscas.
286 1645 401 1699 'fumida
419 1662 453 1698 ex
472 1646 511 1697 ira
530 1649 588 1698 tum
607 1647 691 1699 eorda
709 1649 840 1702 residunt.

81 1721 139 1776 Nec
156 1722 235 1791 plura
252 1722 300 1775 his.
339 1722 389 1774 llle
409 1721 546 1774 admirans
565 1723 720 1789 venerabile
738 1725 840 1778 ‹louum

81 1799 184 1852 Fatalis
201 1799 302 1865 virgae,
313 1797 400 1864 ,longo
419 1801 480 1865 post
499 1800 623 1866 tempore
643 1799 735 1864 visum,

81 1875 239 1928 Caeruleam
258 1873 379 1926 advertit
397 1874 516 1942 puppim,
536 1874 664 1942 ripaeque
684 1878 856 1944 propinquat.
893 1891 932 1928 uo

82 1950 151 2004 ludo
169 1950 238 2002 alias
254 1950 363 2013 animae,
383 1967 455 2017 quae
473 1967 522 2016 per
540 1950 603 2016 iuga
622 1950 702 2018 longa
721 1952 862 2020 sedebant,

81 2025 225 2093 Deturbat‚
242 2025 371 2093 laxatque
384 2027 470 2086 foros3
489 2025 567 2077 sinrul
587 2027 685 2093 accipit
703 2027 778 2079 alveo

82 2102 226 2170 lugentem
246 2104 367 2155 Aenean.
403 2101 514 2154 Gemuit
533 2100 583 2152 sub
602 2101 723 2168 pondere
741 2102 836 2168 cymba

81 2178 180 2242 Sutilis,
199 2184 228 2231 et
245 2177 360 2230 multam
378 2178 483 2244 accepit
502 2177 602 2228 rimosa
621 2177 755 2244 paludem.

81 2253 200 2307 Tandem
218 2254 424 2307 transfluvium
442 2253 582 2305 incolumis
601 2257 745 2319 vatemque
764 2260 909 2323 virumque

82 2329 196 2383 luformi
214 2330 278 2383 limo
296 2330 446 2397 glaucaque
464 2329 576 2398 exponit
595 2330 622 2381 in
641 2330 712 2382 ulva.

115 2406 250 2460 Cerberus
268 2407 334 2459 haec
353 2407 448 2474 ingens
466 2405 569 2459 latratu
587 2422 672 2473 regna
691 2407 797 2459 trifauci

81 2482 220 2548 Personat,
240 2482 354 2535 adverso
372 2482 505 2535 recubans
523 2483 639 2534 inmanis
656 2483 682 2535 in
701 2488 787 2536 antro.

81 2560 130 2613 Cui
149 2563 231 2622 vates,
249 2558 361 2617 horrere
380 2558 474 2612 videns
493 2560 545 2611 ianr
565 2559 632 2612 colla
650 2560 773 2623 colubria,

80 2635 164 2688 Melle
182 2638 335 2703 soporatam
355 2639 383 2688 et
401 2635 545 2688 medicatis
563 2635 688 2702 frugibus
707 2636 786 2687 offam
892 2650 932 2688 sao

80 2711 189 2777 Obiicit.
226 2711 277 2764 Ille
295 2712 366 2764 farne
384 2711 481 2763 rubida
499 2711 553 2763 tria
570 2717 684 2778 guttura
700 2711 824 2779 pandens

82 2787 200 2856 Corripit
218 2787 359 2853 obiectam,
378 2792 462 2855 atque
479 2788 598 2840 inmania
616 2793 695 2855 terga
713 2785 825 2839 resolvit

82 2861 169 2918 Fusus
187 2865 269 2929 humi,
288 2868 402 2932 totoque
420 2865 514 2931 ingens
533 2863 692 2916 extenditur
710 2865 797 2914 antro.

81 2940 201 3009 Occupat
221 2942 330 2995 Aeneas
348 2939 453 2992 aditum
472 2939 586 2992 custode
605 2938 720 3006 sepulto,

80 3014 234 3087 Evaditquo
251 3017 325 3070 celer
343 3016 430 3085 ripam
448 3013 629 3068 inremeabilis
647 3013 744 3070 undae.
890 3024 930 3065 aas

114 3092 249 3148 Continuo
268 3092 379 3145 auditae
397 3107 476 3144 voees
493 3091 601 3157 vagitus
619 3094 648 3142 et
666 3089 762 3156 ingens
846 3095 851 3104 '

81 3167 276 3238 Infamemque
294 3167 401 3218 atrimae
420 3165 516 3219 flentcs
533 3165 563 3217 in
580 3164 674 3217 limine
690 3165 787 3233 primo,
