2034 3944
94 129 139 174 luo
326 127 354 175 P.
373 124 529 175 VERGILI
547 122 716 175 MARONIS
795 162 802 175 .
962 174 965 181 ,

93 209 155 276 lpse
175 208 270 260 subibo
288 208 415 274 luuneris,
434 224 486 261 nee
503 224 549 260 me
565 206 642 260 labor
659 207 712 260 iste
730 222 747 273 g
835 204 877 273 Ra

92 286 151 348 Quo
164 303 207 337 res
220 303 335 352 eumque
349 285 455 348 cudent,
469 302 550 336 umuu
565 287 593 335 et
605 299 748 335 commuue
760 280 904 352 paulun,
953 310 956 315 ·

92 362 152 413 l'nu
172 362 244 413 sulus
262 360 393 414 sunbobus
412 362 471 414 erit.
507 360 575 413 Mihi
592 376 693 429 parvus
712 358 789 412 Iulus
911 366 952 413 n·

92 439 132 489 sit
150 456 247 504 eomes,
266 442 294 491 ot
312 437 392 505 longe
411 441 503 491 servet
519 436 635 504 vestigia
652 434 777 490 coniunx.

94 513 156 580 Vos,
175 514 275 581 famuli,
296 530 367 583 quae
384 512 482 582 dicam,
502 512 598 566 animis
616 511 754 566 advertite
771 511 876 565 vestris

93 590 141 642 list
159 590 227 643 urbe
245 591 363 658 egressis
380 589 503 644 tumulus
519 588 708 658 templmnque
725 590 865 642 vetustum

92 666 224 720 Desertae
243 667 359 733 Cereris,
376 664 509 735 iuxtaque
527 665 640 734 antiqua
657 678 801 733 cupressus

21 792 28 803 ,
93 742 233 809 Religione
251 747 361 811 patrum
379 741 480 796 multos
498 744 608 797 serrata
623 756 676 810 per
692 755 784 793 annos

93 819 171 871 Hane
188 836 222 872 ex
240 819 347 872 diverso
364 816 458 873 sedem
475 818 614 873 venimus
630 816 660 870 in
676 831 766 869 unam.

92 894 138 957 Tu,
157 896 271 962 genitor,
289 888 356 964 cape
374 910 452 949 sacra
470 910 552 948 mauu
567 893 727 964 patriosque
744 890 873 956 Penatis3

93 969 145 1034 lile,
164 971 235 1024 bello
254 988 269 1024 e
288 974 367 1024 tante
384 970 538 1040 digressum
555 973 585 1026 et
603 968 687 1024 caede
703 967 816 1036 remus,

92 1049 250 1100 Attrectarc
269 1047 353 1109 nefas,
371 1045 460 1101 uouoe
476 1062 521 1101 me
538 1046 650 1101 flumine
667 1045 729 1098 vivo

93 1122 220 1176 Ablucro.
909 1131 949 1174 m

128 1200 203 1251 llaec
221 1200 302 1266 satus,
320 1199 391 1254 latos
406 1198 536 1254 humeros
553 1199 730 1269 subiectaque
746 1198 816 1252 cella

92 1274 177 1328 Vcste
196 1292 277 1343 super
295 1276 415 1345 fulvique
432 1275 572 1330 insternor
588 1276 660 1345 pelle
677 1275 770 1341 leonis,

91 1350 267 1417 succedoque
286 1352 377 1414 oneri;
403 1351 519 1405 dextrae
538 1367 567 1405 se
585 1368 684 1420 parvus
703 1351 779 1404 Iulus

92 1426 221 1494 Inplicuit
240 1426 418 1495 sequiturque
436 1429 546 1495 patrem
562 1442 617 1480 nou
633 1426 757 1496 passibus
775 1425 883 1495 aequis;

92 1501 165 1555 Pone
183 1502 257 1554 subit
274 1502 401 1555 coniunx.
437 1501 563 1556 llerimur
579 1518 730 1572 peropaca
747 1503 881 1568 locorum3
908 1514 947 1554 rso

91 1577 127 1630 ut
144 1595 196 1641 me,
216 1594 297 1644 quern
317 1575 422 1631 drudam
439 1593 493 1630 uon
511 1577 567 1632 ulla
583 1579 683 1633 iniecta
701 1578 848 1632 movebant

91 1652 156 1706 'Pela
173 1670 262 1720 neque
281 1652 395 1706 adverso
412 1653 556 1721 glomerati
574 1670 608 1708 ex
626 1655 733 1722 agmine
752 1654 835 1723 Graii,

90 1729 169 1783 Nune
187 1746 280 1782 omnes
298 1731 405 1782 terrent
421 1744 512 1796 aurae,
530 1745 612 1784 sonus
628 1731 731 1784 excitat
749 1730 837 1784 omnis

90 1804 257 1874 Suspensum
276 1808 305 1858 et
323 1803 427 1873 pariter
444 1804 592 1874 comitique
609 1806 739 1876 onerique
756 1807 905 1860 timentem

99 1896 102 1901 ·
127 1881 239 1950 lamque
251 1879 468 1950 propinquabam
479 1881 575 1949 portis,
586 1897 748 1950 omnemque
759 1881 874 1936 ridelmr
907 1892 948 1936 m

92 1957 216 2010 Evasisse
234 1958 310 2021 virum,
330 1956 420 2011 subito
438 1973 500 2010 cum
518 1957 614 2011 creber
631 1958 667 2012 ad
685 1959 758 2012 auris

91 2033 172 2085 Visus
185 2034 281 2087 adesse
293 2033 395 2101 pedum
408 2033 520 2101 sonitus,
532 2035 694 2104 genitorque
705 2053 756 2104 per
768 2035 893 2089 umbram

93 2109 269 2178 Prospiciens,
288 2110 368 2177 Nate,
388 2111 529 2177 exclamat,
548 2110 620 2178 fuge,
639 2115 718 2177 nate3
737 2113 927 2180 propinquant

92 2186 224 2239 Ardentis
243 2187 344 2254 clipeos
363 2190 446 2255 atque
465 2203 529 2239 aera
547 2188 674 2241 micantia
692 2205 780 2240 cerno.

92 2260 145 2312 Hic
157 2261 221 2314 mihi
234 2263 324 2313 nescio
338 2262 411 2330 qued
424 2262 534 2329 trepido
546 2264 616 2316 male
629 2280 728 2315 numen
741 2264 857 2315 amicum
909 2276 946 2317 rus

91 2334 237 2388 Confusam
255 2338 356 2403 cripuit
374 2341 501 2391 mentem.
540 2337 666 2405 Namque
683 2337 744 2390 avia
761 2354 842 2390 eursu

93 2410 164 2462 Dum
182 2427 281 2478 sequor
300 2416 329 2464 et
346 2415 412 2464 nota
430 2411 532 2464 excedo
552 2413 663 2478 regione
682 2412 795 2480 viarum,

92 2484 171 2539 Heu!
190 2487 288 2538 misero
307 2487 422 2539 coniunx
440 2487 532 2539 fatone
550 2490 645 2555 erepta
664 2487 767 2540 Creusa

91 2559 228 2626 Substitit,
240 2562 376 2614 erravitne
395 2563 447 2629 via,
465 2578 513 2614 seu
531 2562 602 2615 lassa
620 2563 730 2630 resedit,

93 2636 247 2698 Incertum3
269 2652 319 2688 nec
337 2642 402 2704 post
420 2636 504 2689 oculis
524 2640 567 2690 est
585 2637 695 2691 reddita
713 2640 821 2693 uostris
911 2651 948 2693 tle

91 2710 151 2767 Nec
167 2712 242 2779 prius
260 2712 388 2765 amissam
406 2713 514 2778 respexi
533 2714 706 2781 animumque
724 2715 827 2784 reflexi,

92 2789 179 2854 Quam
196 2787 331 2840 tumulum
349 2788 478 2856 antiquae
497 2788 604 2841 Cereris
623 2789 771 2859 sedemque
788 2796 922 2846 sacratam

91 2864 239 2930 Venimus3
259 2863 303 2917 hic
321 2863 432 2917 demum
450 2862 546 2916 collect
547 2864 570 2916 is
588 2864 712 2918 omnibus
729 2883 783 2920 una

91 2940 193 3005 Defuit,
211 2942 241 2994 et
259 2941 371 2994 comites
388 2942 539 3006 natumque
557 2941 699 3007 uirumque
717 2942 824 2996 fefellit

92 3016 179 3082 Quem
191 3032 244 3070 non
256 3017 374 3071 incusavi
387 3030 481 3069 amens
493 3014 686 3082 hominumque
700 3018 876 3083 deorumque,
911 3031 947 3105 sss

92 3094 152 3147 Aut
169 3093 261 3162 quid'
254 3111 282 3146 m
301 3109 395 3146 eversu
412 3090 468 3144 vidi
487 3090 624 3144 crudelius
642 3091 728 3147 urbel

92 3170 241 3224 Ascanium
263 3169 454 3237 Anchisenque
472 3169 579 3234 patrem
600 3164 774 3235 Teucrosque
792 3165 905 3225 Penatis
