2032 3524
324 125 400 174 AEN
402 125 507 174 umes
523 127 592 176 LIB.
612 127 664 177 111.
871 134 916 180 129

69 203 220 271 Iumund0;
239 210 298 259 tum
315 223 367 259 vox
386 210 506 260 taetrum
525 207 586 261 dira
602 209 675 262 inter
693 209 812 265 odorem.

69 281 188 336 Rursum
205 283 233 335 iu
251 299 360 336 secessu
377 282 457 350 longo
476 284 526 337 sub
544 302 613 353 rupe
631 289 733 354 cavata,

68 357 222 413 Arboribus
234 357 317 411 clausi
330 359 430 411 circum
443 362 526 428 atque
538 361 712 415 horrentibus
723 363 834 431 umbris,
882 379 917 418 rso

68 435 231 488 Instruimus
249 451 356 488 mensas
374 435 482 503 arisque
499 438 656 505 reponimus
674 439 779 505 ignem:

69 512 186 564 Rursum
205 529 239 564 ex
257 511 366 564 diverso
383 511 451 564 caeli
468 514 608 581 caecisque
626 515 740 568 latebris

67 587 158 640 Turba
176 604 274 641 sonans
292 587 422 654 praedam
440 589 555 656 pedibus
574 591 749 645 circumvolat
766 594 849 659 uncis,

69 664 169 717 Polluit
187 680 234 717 ore
252 665 344 731 dapes.
380 666 463 718 Sociis
481 670 553 731 time,
572 683 648 719 arma
665 673 816 736 capessant,

69 741 159 807 Edico,
178 743 207 794 et
225 740 285 793 dira
302 740 403 794 bellum
421 758 482 795 eum
500 747 581 810 gente
599 742 757 810 gerendum.
881 760 916 798 aas

69 816 152 869 Haud
170 833 247 870 secus
266 834 297 870 ac
315 818 380 870 iussi
398 817 508 884 faciunt,
527 821 671 887 tectosque
689 836 738 886 per
755 820 868 874 herbam

67 893 221 962 Disponunt
239 910 318 947 enses
335 897 365 948 et
383 897 459 947 scuta
476 895 590 947 latentia
607 895 733 947 condunt.

68 970 140 1037 Ergo
157 969 204 1022 ubi
222 969 348 1038 delapsae
367 970 484 1023 sonitum
502 987 551 1037 per
569 986 653 1022 curva
671 970 773 1024 dedere

67 1045 168 1112 Litora,
186 1046 235 1099 dat
253 1046 360 1112 signum
379 1045 487 1112 specula
505 1045 627 1097 Misenus
645 1046 681 1097 ab
699 1045 755 1098 alta

67 1122 142 1175 Aere
159 1138 231 1174 eave.
269 1121 407 1173 Invadunt
425 1121 497 1186 socii,
516 1124 544 1173 ct
562 1136 632 1172 nova
648 1121 752 1188 proelia
769 1125 914 1190 temptant,

66 1198 205 1250 Obscenos
222 1199 312 1265 pelagi
329 1197 401 1248 ferro
418 1196 529 1248 foedare
547 1196 676 1249 volueres.
879 1215 915 1252 au

66 1273 121 1328 Sed
139 1290 227 1340 neque
246 1274 300 1325 vim
319 1272 417 1340 plumis
434 1271 517 1324 ullam
535 1289 584 1325 nee
602 1273 712 1325 volnera
729 1276 808 1341 tergo

66 1350 219 1417 Accipiunt,
238 1348 374 1416 celerique
390 1347 456 1416 fuga
473 1348 524 1401 sub
542 1348 634 1402 sidera
651 1349 741 1417 lapsae

66 1421 213 1479 Semiesam
231 1425 361 1494 praedam
379 1429 408 1478 et
425 1425 539 1492 vestigia
557 1425 637 1479 foeda
655 1426 818 1493 relinquunt.

67 1503 128 1555 Una
145 1503 173 1555 in
190 1501 327 1570 praecelsa
345 1502 469 1556 consedit
485 1519 553 1570 rupo
573 1502 698 1567 Celaeno,
878 1519 914 1557 245

67 1579 164 1632 Infelix
182 1582 265 1646 vates,
284 1579 440 1646 rumpitque
458 1579 527 1632 hanc
544 1581 655 1646 pectore
673 1594 779 1632 vocem:

66 1656 172 1708 Bellum
191 1657 271 1708 ctiam
290 1672 339 1722 pro
358 1654 441 1708 caede
459 1655 542 1707 boum
560 1654 711 1723 stratisque
729 1655 855 1723 iuvencis,

66 1732 321 1797 Laomedontiadae,
342 1730 479 1784 bellumne
496 1732 596 1784 inferre
613 1732 716 1799 paratis

65 1808 101 1860 Et
119 1808 205 1875 patrio
226 1807 361 1876 Harpyias
378 1808 493 1860 insontis
510 1807 612 1876 pellere
630 1809 731 1874 regnol

67 1884 189 1951 Accipite
207 1900 272 1950 ergo
290 1883 386 1935 animis
405 1887 487 1950 atque
505 1884 570 1936 haee
588 1900 649 1936 mea
667 1884 743 1950 figite
761 1882 842 1937 dicta.
877 1900 913 1938 250

65 1959 141 2022 Quae
160 1958 270 2011 Phoebo
288 1962 368 2026 pater
385 1959 564 2025 omnipotens,
582 1959 793 2022 mihiPhoebus
813 1960 912 2026 Apollo

65 2034 214 2098 Praedinit,
232 2033 310 2085 vobis
329 2033 470 2084 Furiarum
489 2050 540 2099 ege
558 2050 684 2085 maxuma
702 2035 799 2102 pando.

67 2110 174 2163 ltaliam
192 2125 272 2160 cursu
290 2108 393 2175 petitis,
411 2109 554 2175 ventisque
572 2109 674 2161 vocatis

65 2185 146 2238 Ibitis
165 2184 281 2248 ltaliam,
300 2186 450 2251 portusque
468 2183 571 2236 intrare
589 2183 698 2247 lieebit;

65 2261 120 2314 Sed
137 2276 191 2312 nou
208 2263 272 2312 ante
291 2260 384 2311 datam
402 2259 516 2326 cingetis
534 2258 673 2312 moenibus
691 2264 795 2326 urbem,
877 2277 913 2316 aas

65 2336 152 2400 Quam
170 2352 217 2389 vos
234 2335 294 2388 dira
311 2336 396 2388 fames
414 2338 578 2404 nostraeque
596 2336 693 2388 iniuria
710 2337 801 2390 caedis

64 2412 199 2467 Ambcsas
217 2411 326 2480 subigat
344 2411 422 2464 malis
440 2412 583 2465 absumere
600 2429 715 2466 mensas.

64 2489 148 2556 Dixit,
166 2490 239 2542 etin
259 2489 352 2542 silvam
371 2490 467 2557 pennis
485 2489 576 2542 ablata
594 2488 704 2556 refugit.

65 2568 104 2619 At
122 2566 201 2618 sociis
219 2565 310 2618 subita
327 2565 434 2634 gelidus
452 2565 596 2619 formidine
615 2565 725 2632 sanguis

65 2643 203 2709 Deriguit3
221 2642 344 2696 cecidere
363 2642 453 2709 animi,
471 2659 522 2694 nee
539 2642 593 2694 iam
612 2642 727 2709 amplius
744 2641 834 2707 arinis,
876 2658 912 2700 aaa

64 2718 119 2770 Sed
136 2718 206 2770 votis
223 2719 403 2786 precibusque
421 2719 516 2772 iubent
533 2733 680 2785 exposcere
697 2734 799 2786 pacem,

64 2794 126 2846 Sive
144 2793 219 2860 deae,
238 2811 285 2847 seu
303 2796 357 2848 sint
376 2795 451 2848 dirae
470 2795 657 2861 obscenaeque
674 2792 802 2847 volueres.

64 2871 101 2922 m
118 2872 197 2938 pater
216 2871 349 2922 Anchises
366 2871 452 2938 passis
471 2871 506 2923 de
524 2870 605 2923 litore
622 2869 719 2936 palmis

64 2946 183 2999 Numina
200 2961 298 3012 magna
315 2949 400 3014 vocat,
417 2947 584 3014 meritosque
601 2945 697 2998 indicit
714 2944 841 2999 honores:

64 3023 106 3089 Di,
124 3022 268 3090 prohibete
285 3023 386 3087 minas3
404 3023 440 3087 di,
459 3021 543 3075 talem
561 3022 677 3075 avertite
695 3036 796 3088 casum,
876 3035 911 3074 aas

64 3100 100 3152 llt
117 3099 216 3166 placidi
234 3101 341 3153 servate
358 3097 429 3166 pios!
465 3099 534 3151 Turn
552 3098 633 3151 litore
650 3098 743 3149 funem

65 3175 202 3243 lleriperq
221 3190 402 3242 excussosque
420 3173 498 3228 iubet
515 3173 608 3228 laxare
625 3171 759 3227 rudentis.
