2032 3524
303 401 331 448 P.
351 401 504 449 VERGILI
522 400 688 450 MARONIS

265 569 732 645 AENEIDOS

301 766 417 818 ldlllllt
436 766 695 821 DUODROIMUS.

448 922 546 947 —o—

77 1038 192 1089 Tenuis
210 1041 241 1090 ut
259 1038 388 1090 insmctos
406 1038 520 1090 selverne
539 1039 629 1090 hiarte
648 1038 759 1091 Latinos

78 1112 215 1165 lieueisso
233 1113 315 1171 videt,
334 1130 382 1165 sim
401 1130 471 1165 imno
488 1114 621 1181 promissa
639 1113 754 1180 reposci,'

78 1190 112 1240 Se
131 1190 231 1251 signini
251 1189 341 1253 aculis,
360 1189 432 1241 ultro
450 1187 618 1256 inplacabilis
636 1188 724 1255 ardet,
863 1245 870 1257 ‚

78 1265 244 1330 htlullitqne
263 1265 373 1317 annuos.
411 1264 563 1316 Poenorum
581 1264 669 1332 qualis
687 1264 715 1316 in
732 1264 805 1317 arvis

78 1340 189 1391 Saiieius
208 1340 252 1391 ille
271 1340 346 1405 ghisi
364 1344 511 1392 venantum
530 1339 639 1392 voluero
656 1342 752 1406 peetus
918 1352 931 1393 s

78 1414 145 1466 Tum
165 1414 274 1466 demum
293 1418 384 1467 inuret
401 1432 477 1467 arina
494 1416 545 1481 leo,
563 1414 720 1482 gaudetque
738 1413 871 1469 comantis

78 1489 226 1542 Excutiens
245 1491 348 1542 cervice
366 1494 447 1553 toros,
467 1490 606 1556 fixumque
624 1490 738 1542 latronis

79 1565 226 1632 Inpavidus
245 1566 345 1632 frangit
363 1566 456 1631 telum,
475 1570 504 1618 et
521 1566 614 1619 fremit
632 1582 679 1619 ore
696 1568 823 1619 cruento:

79 1641 161 1691 llnud
180 1657 255 1692 secus
274 1657 386 1693 accenso
404 1641 493 1707 gliscit
510 1641 638 1694 violentia
656 1641 753 1693 Turno.
801 1705 806 1715 Ι

78 1715 145 1767 Tum
164 1717 202 1767 sie
220 1716 330 1768 ailhatnr
347 1732 448 1782 rogem,
468 1720 551 1783 atquo
569 1717 608 1770 ita
626 1715 754 1769 turbidus
770 1715 848 1770 infit:
904 1730 930 1770 lo

78 1791 160 1842 Nulla
172 1807 247 1843 nnus
259 1792 286 1843 in
299 1791 407 1855 Turno;
425 1792 492 1844 nihil
505 1797 555 1858 cst,
569 1792 642 1859 quod
655 1792 729 1846 dicta
741 1794 894 1844 retractent

80 1867 174 1932 Ignavi
194 1866 349 1930 Aeneadae,
368 1884 425 1932 noc,
444 1883 515 1934 quae
532 1868 671 1936 pepigere,
689 1870 824 1920 recusent

78 1942 255 2008 Congredior.
292 1942 346 1996 For
365 1960 447 2009 sucre,
465 1948 551 2011 pater,
570 1947 599 1996 et
616 1945 726 2011 concipe
743 1942 848 1997 foedus.

79 2020 138 2070 hut
155 2017 205 2071 hnc
224 2018 391 2071 Dardanium
411 2019 510 2071 (lextra
528 2018 578 2071 sub
597 2019 709 2072 Tartara
726 2018 844 2083 mittam,

79 2092 253 2146 Desertorem
274 2094 513 2157 Asiae-sedeant
532 2096 711 2161 spectentque
729 2092 855 2146 Latini-
904 2106 930 2147 ιι

79 2169 114 2220 Et
133 2169 205 2221 sulus
223 2170 295 2221 forro
314 2169 416 2221 crimen
434 2185 575 2221 commune
594 2169 716 2222 refellam
726 2189 733 2233 ;

80 2247 138 2296 hut
156 2244 256 2297 habeut
273 2245 367 2310 victos,
387 2244 467 2296 cedat
486 2244 597 2295 Latinio
615 2244 738 2296 coniunx.

114 2320 168 2371 (illi
188 2320 282 2371 sedato
300 2320 443 2386 respondit
460 2319 542 2371 corde
562 2318 691 2372 Latinus:

79 2396 101 2445 (l
122 2400 265 2462 praestans
284 2395 366 2446 animi
384 2394 495 2461 iuvenis,
514 2398 646 2461 quantum
664 2394 723 2462 ipsc
740 2392 826 2447 feroci

79 2471 191 2522 Virtute
204 2487 358 2537 exsuperas,
372 2474 449 2523 tento
461 2486 505 2522 mo
516 2470 655 2537 inpensius
667 2486 785 2537 aequum
800 2472 845 2523 ost
906 2472 933 2513 ²⁰

79 2546 233 2611 Consulem,
253 2549 336 2613 atquo
354 2546 441 2597 omnis
459 2548 626 2598 metuentem
645 2544 801 2612 expendero
817 2560 905 2599 ocsus

79 2622 148 2675 Sunt
166 2621 217 2674 tibi
235 2637 319 2687 regnu
337 2621 423 2688 patris
442 2620 540 2685 Dauni,
559 2624 622 2672 sunt
640 2620 741 2688 oppidu
757 2623 838 2688 coptu

79 2697 167 2749 Multa
179 2714 260 2748 manu
272 2717 278 2761 3
296 2714 345 2749 nec
357 2712 409 2747 non
422 2712 572 2763 aurumque
586 2697 744 2763 animusque
757 2696 856 2749 Latino
866 2700 918 2751 est.

80 2773 148 2824 Sunt
166 2773 234 2824 aliae
253 2773 383 2840 innuptae
402 2772 479 2824 Latio
498 2775 527 2823 et
546 2771 729 2824 Laurentibus
746 2771 826 2838 agris,

80 2847 137 2899 Nec
149 2865 234 2914 genus
247 2848 392 2900 indecoros.
431 2847 493 2900 Sine
506 2864 549 2898 mc
562 2847 630 2899 haec
641 2847 714 2899 haud
726 2846 818 2899 mollia
828 2846 890 2899 fatu

80 2923 199 2975 Sublatis
218 2925 323 2990 aporire
342 2924 429 2981 dolis;
448 2923 527 2974 simul
545 2922 596 2973 hoo
614 2923 703 2974 aniiuo
721 2921 818 2975 hauri:
907 2934 933 2975 n

81 2998 126 3049 lllc
144 3003 236 3050 natam
254 2999 319 3051 nulli
339 3002 460 3051 veterum
479 2998 580 3050 sociare
597 3013 740 3064 procorum

82 3072 134 3123 llas
152 3077 218 3137 emt,
231 3075 314 3141 idapio
332 3091 425 3126 omncs
444 3073 553 3140 divique
571 3072 747 3141 hominesque
765 3072 908 3147 monebunt.
