2032 3524
81 122 126 171 lae
316 117 345 166 Ρ.
363 116 515 165 l'nlldlln
532 116 698 167 MARONIS

79 200 141 253 lun
162 199 334 267 Anchisiade,
352 215 403 253 nee
420 214 465 252 me
483 198 552 251 deus
569 214 688 267 aequore
705 199 813 255 mersit

79 276 204 343 Namque
221 275 417 343 gubernaclum
436 275 523 328 nmlta
541 274 658 329 ritorto
676 275 822 346 revulsum,

79 352 127 403 (¹ni
147 352 228 406 datus
247 352 392 405 haerebam
411 356 503 405 erutos
520 368 672 421 curansque
693 352 831 421 regebam,
898 370 938 414 aaa

81 428 264 497 l’muipitans
282 428 355 481 traxi
373 444 485 481 meenm.
524 428 612 481 Maria
630 444 728 497 aspera
745 428 807 482 iuro

80 504 139 557 lien
157 506 241 558 ullum
260 523 309 573 pru
328 523 372 559 me
391 509 498 559 tantum
517 493 621 573 bepiaao
639 505 773 571 timerem,

79 584 165 644 (parm
184 587 231 635 tna
250 599 291 641 ne,
310 582 425 650 spoliata
443 581 532 647 annia,
552 597 668 635 exemto
684 582 826 649 magistro,

80 656 215 710 inficeret
233 658 317 712 tantis
336 659 412 710 uaris
431 657 606 725 surgentibus
624 656 710 712 undis.

78 733 137 785 'rus
156 734 244 786 Notus
263 734 389 786 hibernae
408 734 529 787 inmensa
547 750 597 802 per
615 750 734 803 aequora
750 736 846 788 aoetea
899 746 937 787 aaa

78 809 163 862 l'exit
182 827 225 863 me
245 810 379 863 uiolentus
397 828 483 879 aqua3
503 811 547 863 nir
567 810 668 864 lumine
687 813 786 879 quarte

48 914 55 927 ·
79 885 208 954 l'mnpexi
230 887 338 940 ltaliam
358 904 463 940 suruma
482 887 604 941 sublimia
621 886 657 941 ab
675 886 755 940 unda.

79 961 212 1015 Paulatim
231 963 365 1017 adnabam
385 967 492 1027 terram
514 963 568 1016 iam
587 968 649 1017 tuta
665 962 802 1032 tenebam,

81 1038 113 1090 Ni
133 1056 199 1106 gem
217 1040 334 1093 crudelis
352 1039 463 1093 madida
481 1057 542 1093 eum
561 1043 639 1093 reete
656 1044 800 1108 gravatum

81 1114 313 1186 l'runsrmtemque
326 1117 402 1170 uueis
414 1116 539 1169 manibus
554 1117 643 1185 mpita
657 1132 753 1184 aspera
765 1115 869 1170 aientis
899 1130 938 1172 m

81 1190 164 1244 Ferro
182 1193 330 1257 irnnninset,
350 1193 535 1260 praedamque
554 1192 650 1260 igmaro
665 1194 798 1261 putasset.

80 1267 157 1320 Nune
175 1285 219 1321 me
238 1269 335 1322 lluetns
354 1269 444 1331 habet,
466 1274 632 1349 versautmre
651 1270 678 1321 in
697 1268 778 1322 litere
794 1272 881 1325 venti.

79 1344 157 1404 (puni
176 1349 204 1397 te
222 1361 272 1412 per
290 1345 356 1397 caeli
376 1345 522 1398 ineundum
543 1346 634 1399 lmuen
652 1349 683 1399 et
699 1360 787 1410 annia,

81 1419 132 1470 l'er
149 1420 300 1486 genitorem
319 1438 373 1485 oro,
393 1437 443 1489 per
461 1439 523 1488 spes
543 1422 679 1490 surgentis
700 1420 761 1486 Iuli,

79 1493 160 1560 Eripe
179 1512 222 1548 me
240 1495 289 1561 his,
308 1496 415 1562 invicte,
435 1496 525 1551 malis:
547 1502 595 1550 aut
613 1501 644 1551 tu
662 1496 728 1549 mihi
746 1500 852 1551 terram
902 1512 939 1553 m

79 1568 170 1634 Iuiioo,
188 1587 305 1638 namque
322 1575 409 1640 potos,
429 1577 578 1642 portusque
599 1574 708 1642 require
727 1571 857 1638 b'elinoa3

79 1648 137 1697 Aut
156 1649 194 1712 tu,
214 1647 235 1698 si
254 1664 307 1714 qua
326 1648 369 1700 ria
387 1652 436 1714 est,
457 1648 479 1699 si
499 1666 580 1716 quam
599 1649 649 1702 tibi
669 1648 733 1701 (lira
749 1649 872 1703 creatrix

78 1721 332 1791 Ostendit-neque
350 1725 427 1783 enim,
447 1725 537 1792 erede,
556 1726 614 1779 sine
632 1726 743 1779 numine
760 1724 855 1779 divom

79 1797 203 1851 Flumina
220 1804 298 1852 tanta
316 1818 395 1868 [laum
416 1802 593 1870 Stygiamque
611 1803 706 1855 innare
722 1800 893 1871 paludem-

79 1873 120 1925 lla
137 1874 262 1928 dextrum
280 1876 385 1943 misero,
403 1880 431 1929 et
448 1882 539 1930 teermr
555 1895 599 1931 mo
615 1878 682 1931 tello
695 1894 747 1947 per
759 1878 859 1944 undam,
901 1892 941 1933 aro

78 1950 194 2003 timiibus
211 1955 243 2004 ut
262 1952 358 2005 saltem
378 1952 494 2021 placidis
512 1953 540 2005 iu
560 1960 648 2008 morte
666 1950 817 2023 quieseant.

78 2026 151 2079 'l'alia
169 2027 242 2081 fatus
261 2032 327 2096 crat,
346 2029 436 2097 eoepit
456 2046 516 2082 eum
537 2030 604 2082 talia
621 2034 710 2084 vates:

78 2102 158 2156 t'udo
176 2104 250 2170 haee,
269 2123 284 2157 e
305 2106 439 2173 Palinure,
458 2105 508 2158 tibi
527 2109 582 2159 tam
601 2106 661 2178 dira
678 2106 798 2174 eupidei

78 2179 118 2232 'l'n
137 2182 244 2249 Stygias
262 2182 418 2235 inhumatus
438 2198 522 2249 aquas
543 2198 704 2249 aurnemque
722 2198 856 2235 severum

78 2256 258 2310 Eumenidum
277 2251 401 2327 aspirieq'
415 2259 536 2325 ripamve
554 2258 671 2311 iniussus
688 2256 794 2312 adibial
901 2272 939 2315 m

79 2331 179 2386 Desine
197 2333 255 2386 iata
274 2334 356 2387 deum
375 2336 448 2388 flecti
467 2351 576 2402 sperare
594 2334 739 2402 precando,

79 2408 133 2460 Sed
151 2425 218 2477 eape
237 2409 312 2463 dieta
330 2428 443 2478 memor,¹
460 2412 521 2464 duri
540 2411 635 2464 solatia
653 2427 738 2465 casua

80 2484 149 2535 Nam
169 2487 217 2537 tua
235 2485 352 2552 finitimi,
370 2487 449 2555 longe
468 2488 579 2556 lateque
596 2505 647 2556 per
663 2487 748 2542 nrbes

79 2559 213 2625 Prodigiis
231 2561 284 2612 aeti
304 2562 474 2629 caelestibma
495 2564 694 2632 (assumebant,

79 2635 114 2687 Et
126 2638 249 2687 statuent
262 2637 404 2705 tinnulum,
418 2645 446 2691 et
459 2640 564 2693 tmnulo
579 2640 720 2694 sollemnia
731 2641 857 2717 mittent,
902 2664 938 2705 aaa

81 2713 287 2778 Aeternumque
305 2711 380 2765 loeus
401 2715 520 2768 l'alinuri
538 2734 637 2771 nomeu
655 2717 777 2773 habebit

79 2786 132 2839 llio
151 2787 231 2840 (lictis
248 2804 329 2841 curae
347 2792 461 2856 emotae,
480 2792 628 2862 pulsusque
646 2810 796 2863 parumper

79 2862 170 2916 Corde
189 2862 264 2916 dolor
282 2863 371 2929 trista
392 2867 494 2933 gaudet
513 2871 671 2936 cognomine
689 2874 771 2925 terra
797 2914 801 2919 .

114 2939 185 3006 Ergo
203 2939 256 2992 iter
273 2939 411 3009 inceptum
430 2948 566 3010 peragunt
584 2945 722 3015 fluvioque
738 2950 938 3023 propinquant

77 3013 180 3067 Navita
189 3032 257 3083 quos
267 3016 321 3069 iam
333 3016 397 3070 inde
409 3024 440 3071 ut
454 3020 547 3086 Stygia
558 3023 701 3090 prospexit
713 3023 842 3083 abunda
900 3044 939 3087 u

79 3088 133 3143 Per
150 3094 263 3144 tacitum
282 3109 377 3146 nemus
394 3094 434 3146 ire
453 3094 606 3163 pedemque
623 3098 770 3153 advertere
787 3102 876 3177 ripae,

78 3164 121 3218 Sic
139 3167 213 3234 prim
230 3168 392 3234 adgreditur
409 3170 497 3234 dietis,
515 3174 598 3237 atque
615 3172 740 3241 increpat
758 3176 850 3233 ultro:
