2032 3524
374 115 554 163 AENEIDOS
573 115 642 164 LIB.
664 115 695 163 V.
888 117 932 168 177

83 196 215 261 Ducebat,
233 196 271 249 sie.
289 211 351 248 acer
369 211 438 263 equo
456 194 567 249 turbata
584 196 681 263 petivit

82 275 187 335 (lustra,
204 288 253 324 nec
272 271 410 324 exanimes
428 274 542 339 possunt
561 273 681 326 retinere
700 273 830 341 magistri.

82 349 147 412 Quis
160 349 235 401 furor
248 350 301 401 iste
313 350 414 402 norusl
430 365 484 416 quo
496 365 575 413 nunc,
588 367 642 417 quo
655 351 777 417 tenditis,
788 350 886 419 inquit,
897 364 933 406 are

83 424 146 477 lleu
164 425 279 478 miserae
298 425 386 478 cives?
408 441 461 477 non
480 425 587 478 hostem
605 426 767 494 inimicaque
785 431 875 480 castra

82 501 220 568 Argivom,
240 506 345 554 vestras
364 518 425 569 spes
442 502 529 554 uritis.
564 502 613 570 En,
631 520 682 571 ego
701 508 793 558 vester

46 612 48 617 »
84 578 215 631 Ascanius
224 578 371 645 l-galeam
390 581 454 631 ante
472 577 557 646 pedes
574 580 691 648 proiecit
708 580 824 650 inanem,

82 655 141 719 Qua
158 654 223 708 ludo
241 654 353 707 indutus
371 653 436 707 belli
455 655 598 729 simulacra
615 656 713 711 ciebat.

83 731 231 785 Adcelerat
248 730 328 783 simul
348 731 464 794 Aeneas,
481 731 561 783 simul
580 734 689 799 agmina
707 734 847 788 Teucrum.
896 750 932 790 aas

81 810 135 861 Ast
153 807 215 861 illac
233 806 342 859 diversa
360 809 436 859 metu
454 824 503 875 per
521 807 602 860 litora
620 810 720 876 passim

82 884 91 936 l
97 885 240 952 riffugiunt,
257 882 393 950 siluasque
411 886 440 937 et
457 884 543 937 sicubi
561 900 678 938 concava
694 885 789 940 furtim

80 962 151 1015 Sara
167 964 280 1029 petunt5
302 959 378 1027 piget
396 960 496 1027 incepti
515 961 645 1029 lucisque,
663 978 781 1030 suosque

80 1037 204 1091 Mutatae
222 1036 399 1103 adgnoscunt,
419 1052 585 1102 excussaque
604 1040 715 1105 pectore
734 1038 804 1091 luno
822 1042 871 1092 est.

79 1113 134 1166 Sed
152 1129 205 1165 non
224 1112 325 1164 idcirco
344 1111 469 1162 flammae
487 1115 571 1178 atquo
588 1113 715 1164 incendia
732 1114 798 1166 viris
895 1130 932 1167 uso

80 1189 233 1241 indomitas
251 1203 382 1255 posucre;
404 1186 459 1238 udo
478 1186 645 1240 subrubere
664 1188 730 1241 vivit

80 1259 186 1326 Stuppa
204 1273 313 1309 vomens
331 1256 442 1308 tardum
460 1255 572 1321 fumum,
591 1257 735 1325 lentusque
752 1257 857 1312 carinas

79 1335 129 1386 Est
148 1351 237 1402 vapor,
256 1337 285 1386 et
304 1337 363 1386 toto
382 1332 525 1386 deseendit
543 1350 656 1402 corpore
675 1334 767 1402 pestis,

79 1411 137 1464 Nec
155 1410 227 1462 vires
244 1409 355 1462 heroum
373 1408 516 1476 infusaque
534 1410 644 1463 flumina
662 1423 782 1479 prosunt.

78 1487 146 1539 Tum
164 1487 225 1554 pius
245 1489 353 1540 Aeneas
372 1485 492 1539 humeris
511 1486 669 1540 abscindere
686 1491 800 1555 vestem,
893 1504 930 1542 oss

79 1564 245 1632 Auxilioque
262 1579 358 1616 vocare
377 1562 451 1629 deos,
470 1566 499 1616 et
516 1563 632 1616 tendere
650 1563 767 1632 palmas:

80 1641 205 1709 luppiter
222 1640 398 1708 omnipotens,
417 1640 439 1692 si
458 1640 578 1692 nondum
597 1656 695 1693 exosus
713 1640 749 1693 ad
768 1657 851 1693 unum

78 1717 212 1782 Troianos
230 1717 253 1770 si
271 1717 338 1784 quid
356 1718 446 1785 pictas
463 1716 575 1784 antiqua
593 1716 701 1769 labores

79 1793 200 1863 Respicit
217 1794 356 1858 humanos,
376 1793 412 1845 da
429 1792 565 1846 flammam
584 1792 700 1845 eradere
718 1793 796 1846 classi

78 1870 102 1922 N
106 1888 164 1936 unc,
184 1870 275 1935 Pater,
294 1874 323 1922 et
341 1870 431 1922 tenuis
451 1869 584 1922 Teucrum
603 1885 647 1920 res
666 1868 742 1936 eripe
760 1870 822 1922 loco.
893 1884 929 1922 aaa

80 1947 130 2000 Vel
147 1952 187 2013 tu,
206 1945 280 2012 quod
298 1949 430 2012 superest,
448 1945 547 1997 infesto
563 1943 676 1996 fulmine
694 1945 783 2011 morti,

77 2024 105 2075 si
124 2039 239 2087 mereor,
257 2021 380 2085 demitte,
400 2024 501 2086 tuaque
519 2019 563 2070 bic
581 2017 666 2070 obruo
684 2018 789 2072 dextra.

79 2100 132 2149 Vix
150 2097 218 2149 haec
236 2096 369 2159 ediderat,
387 2110 447 2146 cum
466 2095 557 2146 effusis
574 2093 709 2145 imbribus
726 2099 787 2147 atra

78 2175 237 2240 Tempestas
255 2171 312 2222 siue
330 2187 404 2222 moro
423 2168 497 2234 furit,
516 2169 676 2235 tonitruque
695 2173 863 2225 tremescunt

81 2249 176 2302 Ardua
195 2252 329 2301 terrarum
347 2249 376 2299 et
394 2245 498 2313 campi5
518 2246 573 2298 ruit
591 2245 704 2298 aethere
722 2248 781 2298 toto
893 2264 928 2302 eos

78 2324 215 2377 Turbidus
233 2323 321 2376 imber
338 2339 411 2392 aqua
429 2321 576 2390 densisque
594 2322 757 2389 nigerrimus
775 2324 890 2389 austris3

81 2403 277 2470 Inplenturque
295 2416 377 2468 super
394 2416 514 2468 puppem
535 2399 665 2452 semiusta
683 2399 842 2454 madescunt

80 2478 202 2544 llobora3
224 2478 374 2531 restinctus
392 2476 479 2530 donec
497 2493 581 2545 vapor
599 2477 692 2545 omnis,
710 2481 739 2531 et
756 2493 858 2544 omues,

79 2556 214 2618 Quattuor
231 2555 345 2619 amissis,
363 2557 487 2607 servatae
506 2571 522 2606 a
539 2558 617 2621 peste
635 2554 748 2608 carinae

113 2636 152 2686 At
170 2636 250 2699 pater
268 2633 384 2698 Aeneas,
403 2647 467 2684 casu
486 2648 631 2685 concussus
649 2631 753 2697 acerbo,
893 2645 928 2685 ros

79 2711 100 2762 N
105 2726 157 2762 unc
174 2709 227 2762 huc
244 2709 370 2777 ingentis,
389 2725 460 2761 nunc
477 2708 541 2761 illuc
560 2712 670 2777 pectore
689 2726 767 2762 curas

77 2785 205 2839 Mutabat
223 2802 341 2851 versans,
361 2785 493 2838 Siculisne
511 2785 646 2839 resideret
664 2786 743 2851 arvis,

77 2863 186 2915 Oblitus
205 2864 330 2931 latorum,
350 2862 471 2916 Italasne
490 2867 644 2930 capesseret
663 2879 730 2914 oras.

77 2941 144 2992 Tum
164 2941 252 2994 senior
272 2940 385 3007 Nautes,
402 2956 486 2992 unum
505 2939 628 2992 Tritonia
648 2937 736 2989 Pallas
931 2969 932 2972 =

77 3018 164 3080 Quem
183 3018 275 3071 docuit
293 3018 435 3085 multaque
453 3016 586 3082 insignem
604 3011 728 3066 reddidit
745 3013 841 3063 arte-
892 3020 929 3062 ros

78 3094 155 3147 Haec
173 3111 303 3162 responsa
321 3093 413 3158 dabat,
431 3093 473 3144 vel
492 3109 562 3160 quae
580 3087 759 3158 portenderet
777 3085 818 3137 ira

79 3170 181 3237 Magna
198 3171 289 3235 deum,
307 3168 349 3221 vel
368 3183 439 3236 quae
456 3168 576 3220 latorum
594 3167 720 3233 posceret
737 3160 838 3214 ordo-
