2032 3524
329 106 515 173 annmnos
537 126 607 174 nin.
629 126 679 175 rx,
894 132 939 180 aas

85 199 140 256 Sed
158 222 286 274 niagnnm
304 211 430 262 metuens
448 223 477 260 se
494 210 558 275 post
575 212 682 261 cratera
698 209 824 276 tegebat:

85 276 201 334 Pectore
218 283 246 335 in
265 283 379 338 adverso
396 286 486 337 totum
504 284 549 336 eui
566 284 715 337 comminus
734 301 826 339 ensem

84 355 215 412 Condidit
231 357 401 428 adsurgenti,
419 363 448 412 et
465 360 553 413 multa
570 363 659 414 morte
676 361 787 429 recepit.

85 432 252 500 Purpuream
268 438 353 492 vomit
370 437 416 490 ille
435 437 560 504 animam,
573 440 602 490 et
620 454 681 490 curn
700 438 829 505 sangnine
847 439 933 494 nrixta

84 508 155 563 Vina
174 513 260 566 refert
278 514 410 576 moriens;
433 512 476 565 hic
494 513 568 566 furto
585 513 707 566 fervidus
724 514 815 567 instat.
896 530 933 570 300

84 583 198 655 Iamque
216 588 252 641 ad
270 590 390 658 Messapi
408 589 494 641 socios
511 589 660 654 tendebat;
682 590 721 643 ibi
738 590 829 658 ignem

83 660 209 716 Deficere
227 668 380 717 extremum
399 668 428 718 et
446 664 576 732 religatos
594 666 647 718 rite
665 665 777 719 videbat

83 737 203 807 Carpere
221 757 334 808 gramen
351 758 450 809 equos:
470 740 593 794 breviter
611 759 672 795 curn
690 743 756 796 talia
774 744 799 795 N
802 743 893 797 isus—

82 814 173 870 Sensit
191 817 263 870 enirn
281 818 364 871 nimia
382 817 466 871 caede
484 821 568 884 atque
586 819 714 887 cupidine
731 819 832 872 ferri-

82 891 264 960 Absistamus,
283 894 338 959 ait;
362 909 426 946 nam
445 893 492 945 lux
510 893 619 945 inimica
637 894 813 962 propinquat
896 911 933 948 333

82 966 234 1020 Poenarum
254 970 419 1022 exhaustum
438 968 505 1021 satis
523 970 580 1030 est;
607 969 650 1020 via
667 969 740 1021 faeta
757 986 808 1036 per
825 969 920 1024 hostis.

80 1041 170 1096 Multa
188 1045 276 1096 virum
296 1045 382 1096 solido
401 1046 514 1110 argento
531 1044 653 1109 perfecta
671 1043 829 1110 relinquunt

82 1120 223 1186 Armaque
241 1122 417 1185 craterasque
434 1117 514 1169 simul
533 1118 713 1185 pulchrosque
730 1122 846 1186 tapetas.

81 1193 215 1260 Euryalus
233 1194 359 1261 phaleras
378 1193 540 1245 Rhamnetis
558 1197 587 1246 et
605 1210 688 1245 aurea
706 1193 786 1247 bullis

81 1269 203 1336 Cingula,
222 1268 328 1322 Tiburti
348 1268 463 1322 Remulo
482 1268 634 1321 ditissimus
652 1269 715 1321 olim
896 1286 933 1325 300

81 1344 157 1408 Quae
176 1344 263 1398 mittit
281 1346 359 1412 dona,
378 1344 496 1412 hospitio
515 1362 575 1397 cum
594 1346 720 1413 iungeret
738 1347 843 1414 absens,

80 1421 228 1486 Caedicus;
252 1421 298 1474 ille
317 1439 365 1475 suo
383 1421 501 1473 moriens
520 1420 569 1473 dat
587 1420 689 1474 habere
706 1422 815 1490 nepoti;

80 1496 147 1550 Post
165 1501 281 1551 mortem
299 1497 371 1552 belle
390 1497 486 1550 Rutuli
504 1514 649 1565 pugnaque
667 1498 762 1566 petiti;

80 1572 158 1626 Haec
176 1574 256 1643 rapit,
275 1578 359 1643 atque
377 1572 498 1626 humeris
516 1574 684 1642 nequiquam
702 1573 818 1627 fortibus
836 1577 922 1641 aptat.

80 1648 148 1701 Tum
166 1649 273 1718 galeam
292 1650 412 1718 Messapi
431 1649 550 1702 habilem
569 1649 714 1717 cristisque
733 1650 859 1703 decoram
894 1664 930 1702 303

80 1725 183 1780 Induit.
219 1727 364 1780 Excedunt
384 1726 486 1790 eastris
505 1729 534 1778 ct
553 1729 614 1779 tuta
632 1729 784 1793 capessunt.

113 1802 226 1856 Interea
243 1803 384 1871 praemissi
404 1803 510 1870 equites
529 1818 562 1854 ex
580 1801 649 1854 urbe
668 1802 773 1867 Latina,

79 1878 178 1930 Cetera
197 1878 261 1930 dum
280 1878 352 1945 legio
370 1878 473 1945 eampis
491 1877 625 1930 instructa
643 1881 773 1944 moratur,

12 1991 14 1994 -
79 1953 162 2006 lbant
181 1956 210 2005 et
228 1953 319 2005 Turno
336 1954 396 2018 regi
415 1968 547 2019 responsa
564 1952 698 2018 ferebant,

79 2029 266 2094 Tercentum,
286 2029 385 2080 scutati
404 2043 505 2093 omnes,
524 2026 671 2080 Volscente
689 2026 828 2092 magistro.
893 2041 930 2080 ³70

79 2104 193 2170 Iamque
212 2102 431 2171 propinquabant
450 2101 554 2167 castris,
573 2118 705 2168 muroque
724 2100 860 2170 subibant,

79 2180 147 2232 Cum
165 2179 259 2246 procul
277 2179 326 2231 hos
345 2178 422 2230 laevo
440 2177 576 2230 flectentis
594 2176 682 2229 limite
701 2180 824 2244 cernunt,

79 2257 115 2307 lit
132 2254 210 2321 galea
229 2254 376 2321 Euryalum
395 2252 526 2305 sublustri
544 2252 632 2304 nectis
649 2251 677 2303 in
695 2252 793 2304 umbra

79 2330 206 2383 Prodidit
223 2329 400 2382 inmemorem
418 2327 557 2395 radiisque
575 2327 691 2380 adversa
708 2327 825 2382 refulsit.

78 2406 162 2459 Haud
187 2411 291 2460 temere
310 2408 353 2458 est
371 2405 469 2458 visum.
506 2402 664 2456 Conclamat
682 2403 718 2456 ab
736 2403 844 2471 agmine
863 2403 929 2458 Vol-

147 2499 238 2537 seens:
891 2495 929 2535 aas

78 2558 163 2624 State,
184 2558 250 2622 riri3
275 2574 346 2626 quae
365 2572 460 2610 caussa
477 2554 554 2608 viael
579 2555 659 2622 quive
678 2555 744 2609 estis
762 2555 789 2608 in
808 2556 908 2612 armisl

78 2634 171 2696 Quove
190 2634 291 2687 tenetis
308 2634 379 2687 iteri
404 2631 479 2684 Nihil
497 2631 536 2683 illi
555 2630 669 2684 tendere
687 2635 790 2700 eontra,

78 2709 133 2762 Sed
152 2710 271 2762 celerare
290 2710 382 2776 fugam
401 2709 429 2760 in
447 2707 528 2759 silvas
547 2711 576 2760 et
594 2706 680 2760 fidere
698 2708 778 2762 nocti

78 2780 218 2838 Obiieiunt
236 2785 345 2853 equites
363 2800 423 2836 sese
441 2783 476 2835 ad
496 2782 612 2836 divortia
629 2786 694 2836 uota

79 2861 151 2914 Hine
159 2864 243 2928 atque
251 2860 321 2925 hine,
332 2875 494 2926 omnemque
506 2858 612 2911 abitum
623 2858 737 2912 custode
746 2864 883 2915 coronant.
890 2875 928 2914 330

78 2937 151 2989 Silva
168 2936 222 2989 fuit
240 2936 295 2989 late
313 2935 404 2988 drimis
422 2939 505 3003 atque
524 2935 585 2988 ilice
603 2936 681 3003 nigra

79 3012 207 3077 Horrida,
226 3029 308 3080 quam
326 3011 406 3064 densi
424 3011 585 3079 conplorent
602 3011 725 3078 undique
742 3013 849 3079 sentes3

78 3088 151 3140 Rara
168 3104 218 3155 per
235 3087 354 3141 occultos
372 3087 481 3141 lucebat
499 3087 597 3142 semita
614 3087 703 3141 calles.

77 3163 224 3234 Euryalum
242 3163 375 3219 tenebrae
394 3179 529 3218 ramorum
548 3177 717 3232 onerosaque
734 3163 837 3232 praeda
