<?xml version="1.0" encoding="UTF-8"?>
<!DOCTYPE html PUBLIC "-//W3C//DTD XHTML 1.0 Transitional//EN"
    "http://www.w3.org/TR/xhtml1/DTD/xhtml1-transitional.dtd">
<html xmlns="http://www.w3.org/1999/xhtml" xml:lang="en" lang="en">
 <head>
  <title>
</title>
<meta http-equiv="Content-Type" content="text/html;charset=utf-8" />
  <meta name='ocr-system' content='tesseract 3.04.00' />
  <meta name='ocr-capabilities' content='ocr_page ocr_carea ocr_par ocr_line ocrx_word'/>
</head>
<body>
  <div class='ocr_page' id='page_1' title='image "./publivergilimar01virggoog/publivergilimar01virggoog_0173.png"; bbox 0 0 2032 3524; ppageno 0'>
   <div class='ocr_carea' id='block_1_1' title="bbox 311 400 699 475">
    <p class='ocr_par' dir='ltr' id='par_1_1' title="bbox 311 400 699 475">
     <span class='ocr_line' id='line_1_1' title="bbox 311 400 699 475; baseline 0.005 -27"><span class='ocrx_word' id='word_1_1' title='bbox 311 400 340 449; x_wconf 92' lang='lat' dir='ltr'>P.</span> <span class='ocrx_word' id='word_1_2' title='bbox 359 400 515 475; x_wconf 73' lang='lat' dir='ltr'>ynnelln</span> <span class='ocrx_word' id='word_1_3' title='bbox 532 400 699 450; x_wconf 83' lang='lat' dir='ltr'><strong>MARONIS</strong></span> 
     </span>
    </p>
   </div>
   <div class='ocr_carea' id='block_1_2' title="bbox 272 565 748 641">
    <p class='ocr_par' dir='ltr' id='par_1_2' title="bbox 272 565 748 641">
     <span class='ocr_line' id='line_1_2' title="bbox 272 565 748 641; baseline 0.004 -4"><span class='ocrx_word' id='word_1_4' title='bbox 272 565 748 641; x_wconf 81' lang='lat' dir='ltr'><strong>AENEIDOS</strong></span> 
     </span>
    </p>
   </div>
   <div class='ocr_carea' id='block_1_3' title="bbox 353 754 666 944">
    <p class='ocr_par' dir='ltr' id='par_1_3' title="bbox 353 754 666 944">
     <span class='ocr_line' id='line_1_3' title="bbox 353 754 666 820; baseline 0.003 -13"><span class='ocrx_word' id='word_1_5' title='bbox 353 754 471 808; x_wconf 82' lang='lat' dir='ltr'>LIBER</span> <span class='ocrx_word' id='word_1_6' title='bbox 490 754 666 820; x_wconf 77' lang='lat' dir='ltr'><strong>QUINTUS.</strong></span> 
     </span>
     <span class='ocr_line' id='line_1_4' title="bbox 458 913 560 944; baseline 0 0"><span class='ocrx_word' id='word_1_7' title='bbox 458 913 560 944; x_wconf 66' lang='lat'>—4-</span> 
     </span>
    </p>
   </div>
   <div class='ocr_carea' id='block_1_4' title="bbox 77 1028 948 3155">
    <p class='ocr_par' dir='ltr' id='par_1_4' title="bbox 83 1028 944 1557">
     <span class='ocr_line' id='line_1_5' title="bbox 86 1028 785 1088; baseline 0.003 -5"><span class='ocrx_word' id='word_1_8' title='bbox 86 1028 213 1085; x_wconf 68' lang='lat' dir='ltr'>inruant</span> <span class='ocrx_word' id='word_1_9' title='bbox 230 1033 350 1087; x_wconf 88' lang='lat' dir='ltr'>medium</span> <span class='ocrx_word' id='word_1_10' title='bbox 370 1037 479 1088; x_wconf 81' lang='lat' dir='ltr'>Aeneas</span> <span class='ocrx_word' id='word_1_11' title='bbox 497 1036 551 1088; x_wconf 89' lang='lat' dir='ltr'>iam</span> <span class='ocrx_word' id='word_1_12' title='bbox 569 1034 654 1087; x_wconf 84' lang='lat' dir='ltr'>classo</span> <span class='ocrx_word' id='word_1_13' title='bbox 672 1031 785 1086; x_wconf 85' lang='lat' dir='ltr'>tenebat</span> 
     </span>
     <span class='ocr_line' id='line_1_6' title="bbox 84 1106 803 1177; baseline 0.004 -18"><span class='ocrx_word' id='word_1_14' title='bbox 84 1106 182 1161; x_wconf 81' lang='lat' dir='ltr'><strong>Certus</strong></span> <span class='ocrx_word' id='word_1_15' title='bbox 200 1109 260 1175; x_wconf 90' lang='lat' dir='ltr'>iter,</span> <span class='ocrx_word' id='word_1_16' title='bbox 279 1110 431 1177; x_wconf 89' lang='lat' dir='ltr'>fluctusque</span> <span class='ocrx_word' id='word_1_17' title='bbox 449 1115 523 1163; x_wconf 81' lang='lat' dir='ltr'>atros</span> <span class='ocrx_word' id='word_1_18' title='bbox 541 1110 668 1177; x_wconf 87' lang='lat' dir='ltr'>aquilone</span> <span class='ocrx_word' id='word_1_19' title='bbox 685 1107 803 1176; x_wconf 85' lang='lat' dir='ltr'>secabat,</span> 
     </span>
     <span class='ocr_line' id='line_1_7' title="bbox 84 1182 779 1254; baseline 0.003 -19"><span class='ocrx_word' id='word_1_20' title='bbox 84 1182 192 1237; x_wconf 88' lang='lat' dir='ltr'>Moenia</span> <span class='ocrx_word' id='word_1_21' title='bbox 209 1185 363 1254; x_wconf 82' lang='lat' dir='ltr'>respiciens,</span> <span class='ocrx_word' id='word_1_22' title='bbox 383 1203 453 1253; x_wconf 89' lang='lat' dir='ltr'>quae</span> <span class='ocrx_word' id='word_1_23' title='bbox 471 1187 524 1239; x_wconf 84' lang='lat' dir='ltr'>iarn</span> <span class='ocrx_word' id='word_1_24' title='bbox 543 1184 655 1238; x_wconf 81' lang='lat' dir='ltr'>infelicis</span> <span class='ocrx_word' id='word_1_25' title='bbox 675 1183 779 1237; x_wconf 77' lang='lat' dir='ltr'>Elissae</span> 
     </span>
     <span class='ocr_line' id='line_1_8' title="bbox 84 1259 910 1333; baseline 0.01 -22"><span class='ocrx_word' id='word_1_26' title='bbox 84 1259 232 1313; x_wconf 77' lang='lat' dir='ltr'>Conlucent</span> <span class='ocrx_word' id='word_1_27' title='bbox 249 1261 371 1313; x_wconf 88' lang='lat' dir='ltr'>flammis.</span> <span class='ocrx_word' id='word_1_28' title='bbox 410 1261 485 1324; x_wconf 85' lang='lat' dir='ltr'>Quae</span> <span class='ocrx_word' id='word_1_29' title='bbox 504 1265 612 1314; x_wconf 88' lang='lat' dir='ltr'>tantum</span> <span class='ocrx_word' id='word_1_30' title='bbox 631 1260 787 1314; x_wconf 82' lang='lat' dir='ltr'>accenderit</span> <span class='ocrx_word' id='word_1_31' title='bbox 805 1264 910 1333; x_wconf 81' lang='lat' dir='ltr'>ignom,</span> 
     </span>
     <span class='ocr_line' id='line_1_9' title="bbox 84 1335 944 1403; baseline 0.003 -17"><span class='ocrx_word' id='word_1_32' title='bbox 84 1338 185 1389; x_wconf 68' lang='lat' dir='ltr'>(Jaussa</span> <span class='ocrx_word' id='word_1_33' title='bbox 202 1336 285 1401; x_wconf 86' lang='lat' dir='ltr'>latet;</span> <span class='ocrx_word' id='word_1_34' title='bbox 303 1337 364 1388; x_wconf 88' lang='lat' dir='ltr'>duri</span> <span class='ocrx_word' id='word_1_35' title='bbox 383 1354 481 1403; x_wconf 85' lang='lat' dir='ltr'>magno</span> <span class='ocrx_word' id='word_1_36' title='bbox 500 1336 548 1389; x_wconf 81' lang='lat' dir='ltr'>sed</span> <span class='ocrx_word' id='word_1_37' title='bbox 567 1353 660 1389; x_wconf 84' lang='lat' dir='ltr'>aurore</span> <span class='ocrx_word' id='word_1_38' title='bbox 678 1335 785 1390; x_wconf 76' lang='lat' dir='ltr'>dolores</span> <span class='ocrx_word' id='word_1_39' title='bbox 928 1356 944 1397; x_wconf 70' lang='grc' dir='ltr'><strong><em>ε</em></strong></span> 
     </span>
     <span class='ocr_line' id='line_1_10' title="bbox 86 1411 797 1482; baseline 0.004 -20"><span class='ocrx_word' id='word_1_40' title='bbox 86 1411 198 1478; x_wconf 88' lang='lat' dir='ltr'>l&#39;olluto,</span> <span class='ocrx_word' id='word_1_41' title='bbox 217 1415 372 1480; x_wconf 88' lang='lat' dir='ltr'>notumque,</span> <span class='ocrx_word' id='word_1_42' title='bbox 390 1412 483 1465; x_wconf 85' lang='lat' dir='ltr'>furens</span> <span class='ocrx_word' id='word_1_43' title='bbox 502 1413 568 1480; x_wconf 86' lang='lat' dir='ltr'>quid</span> <span class='ocrx_word' id='word_1_44' title='bbox 586 1412 686 1465; x_wconf 85' lang='lat' dir='ltr'>femina</span> <span class='ocrx_word' id='word_1_45' title='bbox 703 1414 797 1482; x_wconf 83' lang='lat' dir='ltr'>pessit,</span> 
     </span>
     <span class='ocr_line' id='line_1_11' title="bbox 83 1487 842 1557; baseline 0.008 -19"><span class='ocrx_word' id='word_1_46' title='bbox 83 1487 172 1541; x_wconf 80' lang='lat' dir='ltr'><strong>Triste</strong></span> <span class='ocrx_word' id='word_1_47' title='bbox 190 1505 240 1556; x_wconf 85' lang='lat' dir='ltr'>per</span> <span class='ocrx_word' id='word_1_48' title='bbox 256 1488 399 1555; x_wconf 81' lang='lat' dir='ltr'>augurium</span> <span class='ocrx_word' id='word_1_49' title='bbox 418 1488 583 1542; x_wconf 79' lang='lat' dir='ltr'>Teucrorum</span> <span class='ocrx_word' id='word_1_50' title='bbox 602 1493 712 1557; x_wconf 81' lang='lat' dir='ltr'>pectora</span> <span class='ocrx_word' id='word_1_51' title='bbox 730 1488 842 1544; x_wconf 83' lang='lat' dir='ltr'>ducunt.</span> 
     </span>
    </p>

    <p class='ocr_par' dir='ltr' id='par_1_5' title="bbox 77 1564 948 3155">
     <span class='ocr_line' id='line_1_12' title="bbox 117 1564 864 1632; baseline 0.005 -15"><span class='ocrx_word' id='word_1_52' title='bbox 117 1565 157 1617; x_wconf 88' lang='lat' dir='ltr'>Ut</span> <span class='ocrx_word' id='word_1_53' title='bbox 174 1564 285 1631; x_wconf 76' lang='lat' dir='ltr'>pelagum</span> <span class='ocrx_word' id='word_1_54' title='bbox 303 1569 416 1618; x_wconf 89' lang='lat' dir='ltr'>tenuere</span> <span class='ocrx_word' id='word_1_55' title='bbox 434 1568 515 1632; x_wconf 84' lang='lat' dir='ltr'>rates,</span> <span class='ocrx_word' id='word_1_56' title='bbox 534 1582 584 1618; x_wconf 90' lang='lat' dir='ltr'>nee</span> <span class='ocrx_word' id='word_1_57' title='bbox 601 1566 655 1617; x_wconf 90' lang='lat' dir='ltr'>iam</span> <span class='ocrx_word' id='word_1_58' title='bbox 673 1564 789 1632; x_wconf 83' lang='lat' dir='ltr'>amplius</span> <span class='ocrx_word' id='word_1_59' title='bbox 805 1566 864 1621; x_wconf 86' lang='lat' dir='ltr'>ulla</span> 
     </span>
     <span class='ocr_line' id='line_1_13' title="bbox 83 1640 877 1711; baseline 0.003 -19"><span class='ocrx_word' id='word_1_60' title='bbox 83 1640 209 1693; x_wconf 82' lang='lat' dir='ltr'>Occurrit</span> <span class='ocrx_word' id='word_1_61' title='bbox 227 1641 315 1707; x_wconf 83' lang='lat' dir='ltr'>tellus,</span> <span class='ocrx_word' id='word_1_62' title='bbox 333 1643 419 1694; x_wconf 85' lang='lat' dir='ltr'>maria</span> <span class='ocrx_word' id='word_1_63' title='bbox 436 1642 557 1710; x_wconf 88' lang='lat' dir='ltr'>undique</span> <span class='ocrx_word' id='word_1_64' title='bbox 576 1645 604 1694; x_wconf 93' lang='lat' dir='ltr'>et</span> <span class='ocrx_word' id='word_1_65' title='bbox 622 1641 744 1709; x_wconf 89' lang='lat' dir='ltr'>undique</span> <span class='ocrx_word' id='word_1_66' title='bbox 761 1641 877 1711; x_wconf 84' lang='lat' dir='ltr'>eaelum,</span> 
     </span>
     <span class='ocr_line' id='line_1_14' title="bbox 83 1716 943 1786; baseline 0.005 -17"><span class='ocrx_word' id='word_1_67' title='bbox 83 1718 135 1769; x_wconf 71' lang='lat' dir='ltr'>*llll</span> <span class='ocrx_word' id='word_1_68' title='bbox 153 1717 292 1770; x_wconf 85' lang='lat' dir='ltr'>caeruleus</span> <span class='ocrx_word' id='word_1_69' title='bbox 311 1735 393 1785; x_wconf 82' lang='lat' dir='ltr'>supra</span> <span class='ocrx_word' id='word_1_70' title='bbox 411 1722 493 1786; x_wconf 87' lang='lat' dir='ltr'>caput</span> <span class='ocrx_word' id='word_1_71' title='bbox 513 1718 623 1771; x_wconf 76' lang='lat' dir='ltr'><strong>adstitit</strong></span> <span class='ocrx_word' id='word_1_72' title='bbox 641 1716 735 1782; x_wconf 86' lang='lat' dir='ltr'>imber,</span> <span class='ocrx_word' id='word_1_73' title='bbox 913 1734 943 1775; x_wconf 80' lang='lat' dir='ltr'>ro</span> 
     </span>
     <span class='ocr_line' id='line_1_15' title="bbox 83 1792 941 1861; baseline 0.008 -17"><span class='ocrx_word' id='word_1_74' title='bbox 83 1793 197 1847; x_wconf 84' lang='lat' dir='ltr'>Noctem</span> <span class='ocrx_word' id='word_1_75' title='bbox 216 1794 386 1861; x_wconf 84' lang='lat' dir='ltr'>hiememque</span> <span class='ocrx_word' id='word_1_76' title='bbox 404 1794 502 1859; x_wconf 71' lang='lat' dir='ltr'>serene,</span> <span class='ocrx_word' id='word_1_77' title='bbox 517 1798 546 1847; x_wconf 89' lang='lat' dir='ltr'>et</span> <span class='ocrx_word' id='word_1_78' title='bbox 562 1793 696 1846; x_wconf 85' lang='lat' dir='ltr'>inhorruit</span> <span class='ocrx_word' id='word_1_79' title='bbox 713 1792 788 1846; x_wconf 80' lang='lat' dir='ltr'>unda</span> <span class='ocrx_word' id='word_1_80' title='bbox 805 1793 941 1851; x_wconf 63' lang='lat' dir='ltr'>tenebra</span> 
     </span>
     <span class='ocr_line' id='line_1_16' title="bbox 85 1869 735 1939; baseline 0.003 -19"><span class='ocrx_word' id='word_1_81' title='bbox 85 1869 146 1937; x_wconf 82' lang='lat' dir='ltr'>lpse</span> <span class='ocrx_word' id='word_1_82' title='bbox 163 1869 331 1937; x_wconf 88' lang='lat' dir='ltr'>gubernator</span> <span class='ocrx_word' id='word_1_83' title='bbox 347 1869 430 1939; x_wconf 84' lang='lat' dir='ltr'>puppi</span> <span class='ocrx_word' id='word_1_84' title='bbox 452 1870 594 1922; x_wconf 89' lang='lat' dir='ltr'>Palinurus</span> <span class='ocrx_word' id='word_1_85' title='bbox 612 1869 647 1922; x_wconf 88' lang='lat' dir='ltr'>ab</span> <span class='ocrx_word' id='word_1_86' title='bbox 666 1869 735 1922; x_wconf 84' lang='lat' dir='ltr'>alta:</span> 
     </span>
     <span class='ocr_line' id='line_1_17' title="bbox 84 1944 807 2015; baseline 0.004 -18"><span class='ocrx_word' id='word_1_87' title='bbox 84 1946 159 1999; x_wconf 76' lang='lat' dir='ltr'>lleu!</span> <span class='ocrx_word' id='word_1_88' title='bbox 180 1947 305 2015; x_wconf 79' lang='lat' dir='ltr'>quianam</span> <span class='ocrx_word' id='word_1_89' title='bbox 324 1947 393 2000; x_wconf 89' lang='lat' dir='ltr'>tanti</span> <span class='ocrx_word' id='word_1_90' title='bbox 412 1947 555 1999; x_wconf 75' lang='lat' dir='ltr'>cinxerunt</span> <span class='ocrx_word' id='word_1_91' title='bbox 573 1946 686 1998; x_wconf 87' lang='lat' dir='ltr'>aethera</span> <span class='ocrx_word' id='word_1_92' title='bbox 702 1944 807 2000; x_wconf 87' lang='lat' dir='ltr'>nimbil</span> 
     </span>
     <span class='ocr_line' id='line_1_18' title="bbox 82 2021 882 2092; baseline 0.005 -19"><span class='ocrx_word' id='word_1_93' title='bbox 82 2021 193 2088; x_wconf 77' lang='lat' dir='ltr'>Quidve,</span> <span class='ocrx_word' id='word_1_94' title='bbox 212 2027 291 2091; x_wconf 87' lang='lat' dir='ltr'>pater</span> <span class='ocrx_word' id='word_1_95' title='bbox 308 2024 335 2076; x_wconf 83' lang='lat' dir='ltr'>N</span> <span class='ocrx_word' id='word_1_96' title='bbox 336 2026 443 2092; x_wconf 87' lang='lat' dir='ltr'>optune,</span> <span class='ocrx_word' id='word_1_97' title='bbox 462 2025 557 2091; x_wconf 81' lang='lat' dir='ltr'>parasi</span> <span class='ocrx_word' id='word_1_98' title='bbox 594 2022 637 2076; x_wconf 83' lang='lat' dir='ltr'>Sic</span> <span class='ocrx_word' id='word_1_99' title='bbox 656 2021 756 2076; x_wconf 86' lang='lat' dir='ltr'>deinde</span> <span class='ocrx_word' id='word_1_100' title='bbox 773 2022 882 2077; x_wconf 73' lang='lat' dir='ltr'>loeutus</span> 
     </span>
     <span class='ocr_line' id='line_1_19' title="bbox 82 2097 946 2167; baseline 0.006 -18"><span class='ocrx_word' id='word_1_101' title='bbox 82 2099 215 2166; x_wconf 82' lang='lat' dir='ltr'>Colligere</span> <span class='ocrx_word' id='word_1_102' title='bbox 233 2116 309 2152; x_wconf 90' lang='lat' dir='ltr'>arma</span> <span class='ocrx_word' id='word_1_103' title='bbox 326 2099 402 2153; x_wconf 91' lang='lat' dir='ltr'>iubet</span> <span class='ocrx_word' id='word_1_104' title='bbox 420 2100 571 2167; x_wconf 82' lang='lat' dir='ltr'>validisque</span> <span class='ocrx_word' id='word_1_105' title='bbox 589 2097 745 2151; x_wconf 90' lang='lat' dir='ltr'>incumbere</span> <span class='ocrx_word' id='word_1_106' title='bbox 763 2098 856 2160; x_wconf 77' lang='lat' dir='ltr'>remis,</span> <span class='ocrx_word' id='word_1_107' title='bbox 917 2114 946 2154; x_wconf 73' lang='lat'>15</span> 
     </span>
     <span class='ocr_line' id='line_1_20' title="bbox 82 2174 779 2244; baseline 0.003 -20"><span class='ocrx_word' id='word_1_108' title='bbox 82 2174 266 2244; x_wconf 72' lang='lat' dir='ltr'>obliquatque</span> <span class='ocrx_word' id='word_1_109' title='bbox 284 2177 358 2228; x_wconf 85' lang='lat' dir='ltr'>sinus</span> <span class='ocrx_word' id='word_1_110' title='bbox 375 2177 402 2228; x_wconf 91' lang='lat' dir='ltr'>iu</span> <span class='ocrx_word' id='word_1_111' title='bbox 421 2180 541 2239; x_wconf 85' lang='lat' dir='ltr'>ventum,</span> <span class='ocrx_word' id='word_1_112' title='bbox 560 2191 591 2227; x_wconf 89' lang='lat' dir='ltr'>ac</span> <span class='ocrx_word' id='word_1_113' title='bbox 608 2175 674 2228; x_wconf 90' lang='lat' dir='ltr'>talia</span> <span class='ocrx_word' id='word_1_114' title='bbox 692 2174 779 2227; x_wconf 86' lang='lat' dir='ltr'>fatur:</span> 
     </span>
     <span class='ocr_line' id='line_1_21' title="bbox 81 2250 841 2319; baseline 0.001 -17"><span class='ocrx_word' id='word_1_115' title='bbox 81 2250 253 2317; x_wconf 81' lang='lat' dir='ltr'>Magnanimo</span> <span class='ocrx_word' id='word_1_116' title='bbox 273 2254 375 2319; x_wconf 86' lang='lat' dir='ltr'>Aenea,</span> <span class='ocrx_word' id='word_1_117' title='bbox 394 2269 453 2315; x_wconf 87' lang='lat' dir='ltr'>non,</span> <span class='ocrx_word' id='word_1_118' title='bbox 473 2253 495 2305; x_wconf 90' lang='lat' dir='ltr'>si</span> <span class='ocrx_word' id='word_1_119' title='bbox 515 2251 580 2304; x_wconf 87' lang='lat' dir='ltr'>rnihi</span> <span class='ocrx_word' id='word_1_120' title='bbox 600 2251 725 2319; x_wconf 85' lang='lat' dir='ltr'>Iuppiter</span> <span class='ocrx_word' id='word_1_121' title='bbox 743 2252 841 2303; x_wconf 84' lang='lat' dir='ltr'>auctor</span> 
     </span>
     <span class='ocr_line' id='line_1_22' title="bbox 81 2325 826 2395; baseline 0.004 -19"><span class='ocrx_word' id='word_1_122' title='bbox 81 2326 226 2393; x_wconf 60' lang='lat' dir='ltr'>spondeat,</span> <span class='ocrx_word' id='word_1_123' title='bbox 244 2327 294 2380; x_wconf 90' lang='lat' dir='ltr'>hoe</span> <span class='ocrx_word' id='word_1_124' title='bbox 313 2344 419 2395; x_wconf 82' lang='lat' dir='ltr'>sperem</span> <span class='ocrx_word' id='word_1_125' title='bbox 440 2329 546 2382; x_wconf 86' lang='lat' dir='ltr'>ltaliam</span> <span class='ocrx_word' id='word_1_126' title='bbox 568 2328 724 2395; x_wconf 89' lang='lat' dir='ltr'>contingere</span> <span class='ocrx_word' id='word_1_127' title='bbox 742 2325 826 2379; x_wconf 86' lang='lat' dir='ltr'>eaelo.</span> 
     </span>
     <span class='ocr_line' id='line_1_23' title="bbox 82 2402 869 2471; baseline 0.003 -18"><span class='ocrx_word' id='word_1_128' title='bbox 82 2402 181 2455; x_wconf 89' lang='lat' dir='ltr'>Mutati</span> <span class='ocrx_word' id='word_1_129' title='bbox 198 2405 353 2456; x_wconf 80' lang='lat' dir='ltr'>transversa</span> <span class='ocrx_word' id='word_1_130' title='bbox 371 2404 491 2457; x_wconf 79' lang='lat' dir='ltr'>fremunt</span> <span class='ocrx_word' id='word_1_131' title='bbox 510 2410 539 2457; x_wconf 95' lang='lat' dir='ltr'>et</span> <span class='ocrx_word' id='word_1_132' title='bbox 557 2421 672 2471; x_wconf 77' lang='lat' dir='ltr'>vespere</span> <span class='ocrx_word' id='word_1_133' title='bbox 693 2402 728 2454; x_wconf 88' lang='lat' dir='ltr'>ab</span> <span class='ocrx_word' id='word_1_134' title='bbox 746 2404 809 2455; x_wconf 84' lang='lat' dir='ltr'>atro</span> <span class='ocrx_word' id='word_1_135' title='bbox 866 2444 869 2449; x_wconf 94' lang='lat'>.</span> 
     </span>
     <span class='ocr_line' id='line_1_24' title="bbox 80 2478 948 2548; baseline 0.009 -19"><span class='ocrx_word' id='word_1_136' title='bbox 80 2478 253 2544; x_wconf 78' lang='lat' dir='ltr'>Consurgunt</span> <span class='ocrx_word' id='word_1_137' title='bbox 270 2479 352 2545; x_wconf 81' lang='lat' dir='ltr'>venti,</span> <span class='ocrx_word' id='word_1_138' title='bbox 372 2482 455 2548; x_wconf 91' lang='lat' dir='ltr'>atque</span> <span class='ocrx_word' id='word_1_139' title='bbox 473 2480 501 2532; x_wconf 89' lang='lat' dir='ltr'>in</span> <span class='ocrx_word' id='word_1_140' title='bbox 519 2480 618 2533; x_wconf 87' lang='lat' dir='ltr'>nubem</span> <span class='ocrx_word' id='word_1_141' title='bbox 637 2479 744 2547; x_wconf 83' lang='lat' dir='ltr'>cogitur</span> <span class='ocrx_word' id='word_1_142' title='bbox 761 2494 814 2532; x_wconf 82' lang='lat' dir='ltr'>aer.</span> <span class='ocrx_word' id='word_1_143' title='bbox 920 2494 948 2537; x_wconf 64' lang='grc' dir='ltr'><strong>υ</strong></span> 
     </span>
     <span class='ocr_line' id='line_1_25' title="bbox 81 2553 758 2622; baseline 0 -18"><span class='ocrx_word' id='word_1_144' title='bbox 81 2553 138 2606; x_wconf 78' lang='lat' dir='ltr'>Nee</span> <span class='ocrx_word' id='word_1_145' title='bbox 155 2570 205 2606; x_wconf 85' lang='lat' dir='ltr'>nos</span> <span class='ocrx_word' id='word_1_146' title='bbox 222 2554 308 2606; x_wconf 88' lang='lat' dir='ltr'>obniti</span> <span class='ocrx_word' id='word_1_147' title='bbox 326 2560 428 2622; x_wconf 86' lang='lat' dir='ltr'>contra,</span> <span class='ocrx_word' id='word_1_148' title='bbox 446 2572 495 2608; x_wconf 91' lang='lat' dir='ltr'>nec</span> <span class='ocrx_word' id='word_1_149' title='bbox 514 2557 630 2609; x_wconf 82' lang='lat' dir='ltr'>tendere</span> <span class='ocrx_word' id='word_1_150' title='bbox 652 2559 758 2609; x_wconf 83' lang='lat' dir='ltr'>tanturn</span> 
     </span>
     <span class='ocr_line' id='line_1_26' title="bbox 80 2630 859 2699; baseline 0.003 -17"><span class='ocrx_word' id='word_1_151' title='bbox 80 2630 237 2683; x_wconf 81' lang='lat' dir='ltr'>Sufficimus.</span> <span class='ocrx_word' id='word_1_152' title='bbox 273 2631 389 2698; x_wconf 81' lang='lat' dir='ltr'>Superat</span> <span class='ocrx_word' id='word_1_153' title='bbox 408 2633 534 2699; x_wconf 87' lang='lat' dir='ltr'>quoniam</span> <span class='ocrx_word' id='word_1_154' title='bbox 553 2633 681 2698; x_wconf 73' lang='lat' dir='ltr'>Fortuna,</span> <span class='ocrx_word' id='word_1_155' title='bbox 702 2646 859 2698; x_wconf 79' lang='lat' dir='ltr'>sequamur,</span> 
     </span>
     <span class='ocr_line' id='line_1_27' title="bbox 80 2705 821 2774; baseline 0.001 -16"><span class='ocrx_word' id='word_1_156' title='bbox 80 2707 193 2774; x_wconf 78' lang='lat' dir='ltr'>Quoque</span> <span class='ocrx_word' id='word_1_157' title='bbox 210 2711 295 2774; x_wconf 80' lang='lat' dir='ltr'>uocat,</span> <span class='ocrx_word' id='word_1_158' title='bbox 313 2710 451 2761; x_wconf 86' lang='lat' dir='ltr'>vertamus</span> <span class='ocrx_word' id='word_1_159' title='bbox 468 2708 528 2760; x_wconf 90' lang='lat' dir='ltr'>iter.</span> <span class='ocrx_word' id='word_1_160' title='bbox 565 2708 591 2759; x_wconf 86' lang='lat' dir='ltr'>N</span> <span class='ocrx_word' id='word_1_161' title='bbox 593 2725 624 2762; x_wconf 89' lang='lat' dir='ltr'>ee</span> <span class='ocrx_word' id='word_1_162' title='bbox 641 2707 722 2760; x_wconf 87' lang='lat' dir='ltr'>litora</span> <span class='ocrx_word' id='word_1_163' title='bbox 740 2705 821 2773; x_wconf 80' lang='lat' dir='ltr'>longe</span> 
     </span>
     <span class='ocr_line' id='line_1_28' title="bbox 79 2782 787 2852; baseline 0.001 -18"><span class='ocrx_word' id='word_1_164' title='bbox 79 2782 147 2836; x_wconf 83' lang='lat' dir='ltr'>Fida</span> <span class='ocrx_word' id='word_1_165' title='bbox 165 2800 228 2836; x_wconf 89' lang='lat' dir='ltr'>reor</span> <span class='ocrx_word' id='word_1_166' title='bbox 244 2783 367 2837; x_wconf 83' lang='lat' dir='ltr'>fraterna</span> <span class='ocrx_word' id='word_1_167' title='bbox 386 2783 480 2852; x_wconf 77' lang='lat' dir='ltr'>llryeis</span> <span class='ocrx_word' id='word_1_168' title='bbox 499 2788 650 2852; x_wconf 85' lang='lat' dir='ltr'>portusque</span> <span class='ocrx_word' id='word_1_169' title='bbox 668 2782 787 2851; x_wconf 80' lang='lat' dir='ltr'>Sicanos,</span> 
     </span>
     <span class='ocr_line' id='line_1_29' title="bbox 78 2858 948 2923; baseline 0.001 -12"><span class='ocrx_word' id='word_1_170' title='bbox 78 2858 107 2911; x_wconf 82' lang='lat' dir='ltr'>Si</span> <span class='ocrx_word' id='word_1_171' title='bbox 124 2860 204 2912; x_wconf 87' lang='lat' dir='ltr'>modo</span> <span class='ocrx_word' id='word_1_172' title='bbox 222 2859 275 2913; x_wconf 86' lang='lat' dir='ltr'>rite</span> <span class='ocrx_word' id='word_1_173' title='bbox 293 2876 397 2912; x_wconf 91' lang='lat' dir='ltr'>memor</span> <span class='ocrx_word' id='word_1_174' title='bbox 415 2865 523 2912; x_wconf 81' lang='lat' dir='ltr'>servata</span> <span class='ocrx_word' id='word_1_175' title='bbox 541 2860 670 2913; x_wconf 89' lang='lat' dir='ltr'>remetior</span> <span class='ocrx_word' id='word_1_176' title='bbox 689 2862 770 2912; x_wconf 88' lang='lat' dir='ltr'>astra.</span> <span class='ocrx_word' id='word_1_177' title='bbox 864 2898 868 2905; x_wconf 87' lang='lat'>.</span> <span class='ocrx_word' id='word_1_178' title='bbox 919 2880 948 2923; x_wconf 65' lang='grc' dir='ltr'>ι</span> 
     </span>
     <span class='ocr_line' id='line_1_30' title="bbox 77 2934 823 3004; baseline 0.001 -17"><span class='ocrx_word' id='word_1_179' title='bbox 77 2934 145 2988; x_wconf 80' lang='lat' dir='ltr'>&#39;lum</span> <span class='ocrx_word' id='word_1_180' title='bbox 164 2937 223 3003; x_wconf 84' lang='lat' dir='ltr'>pius</span> <span class='ocrx_word' id='word_1_181' title='bbox 243 2938 364 2988; x_wconf 79' lang='lat' dir='ltr'>Aeneas:</span> <span class='ocrx_word' id='word_1_182' title='bbox 383 2935 520 3004; x_wconf 83' lang='lat' dir='ltr'>Equidem</span> <span class='ocrx_word' id='word_1_183' title='bbox 539 2935 577 2988; x_wconf 87' lang='lat' dir='ltr'>sie</span> <span class='ocrx_word' id='word_1_184' title='bbox 596 2950 708 3004; x_wconf 75' lang='lat' dir='ltr'>poscere</span> <span class='ocrx_word' id='word_1_185' title='bbox 726 2938 823 2988; x_wconf 74' lang='lat' dir='ltr'>ventos</span> 
     </span>
     <span class='ocr_line' id='line_1_31' title="bbox 78 3009 814 3065; baseline 0.004 -3"><span class='ocrx_word' id='word_1_186' title='bbox 78 3009 242 3064; x_wconf 83' lang='lat' dir='ltr'>iamdudum</span> <span class='ocrx_word' id='word_1_187' title='bbox 262 3015 291 3064; x_wconf 92' lang='lat' dir='ltr'>et</span> <span class='ocrx_word' id='word_1_188' title='bbox 308 3011 412 3065; x_wconf 85' lang='lat' dir='ltr'>frustra</span> <span class='ocrx_word' id='word_1_189' title='bbox 429 3028 510 3064; x_wconf 84' lang='lat' dir='ltr'>cerno</span> <span class='ocrx_word' id='word_1_190' title='bbox 528 3015 557 3065; x_wconf 94' lang='lat' dir='ltr'>te</span> <span class='ocrx_word' id='word_1_191' title='bbox 577 3012 691 3065; x_wconf 89' lang='lat' dir='ltr'>tendere</span> <span class='ocrx_word' id='word_1_192' title='bbox 708 3014 814 3065; x_wconf 87' lang='lat' dir='ltr'>eontra.</span> 
     </span>
     <span class='ocr_line' id='line_1_32' title="bbox 78 3085 771 3155; baseline 0.004 -17"><span class='ocrx_word' id='word_1_193' title='bbox 78 3085 171 3140; x_wconf 82' lang='lat' dir='ltr'>Flecte</span> <span class='ocrx_word' id='word_1_194' title='bbox 188 3087 258 3139; x_wconf 83' lang='lat' dir='ltr'>viam</span> <span class='ocrx_word' id='word_1_195' title='bbox 276 3087 351 3141; x_wconf 87' lang='lat' dir='ltr'>velis.</span> <span class='ocrx_word' id='word_1_196' title='bbox 386 3089 430 3141; x_wconf 88' lang='lat' dir='ltr'>An</span> <span class='ocrx_word' id='word_1_197' title='bbox 450 3088 486 3142; x_wconf 87' lang='lat' dir='ltr'>sit</span> <span class='ocrx_word' id='word_1_198' title='bbox 503 3088 569 3141; x_wconf 89' lang='lat' dir='ltr'>mibi</span> <span class='ocrx_word' id='word_1_199' title='bbox 587 3087 691 3155; x_wconf 87' lang='lat' dir='ltr'>gratior</span> <span class='ocrx_word' id='word_1_200' title='bbox 707 3086 771 3141; x_wconf 86' lang='lat' dir='ltr'>ulla.</span> 
     </span>
    </p>
   </div>
   <div class='ocr_carea' id='block_1_5' title="bbox 0 0 1020 3524">
    <p class='ocr_par' dir='ltr' id='par_1_6' title="bbox 0 0 1020 3524">
     <span class='ocr_line' id='line_1_33' title="bbox 0 0 1020 3524; baseline 0 3"><span class='ocrx_word' id='word_1_201' title='bbox 0 0 1020 3524; x_wconf 95' lang='lat' dir='ltr'> </span> 
     </span>
    </p>
   </div>
  </div>
 </body>
</html>
