2032 3524
345 132 420 178 AEN
424 132 529 180 EIDOS
545 133 614 182 LIB.
634 134 698 181 ΧΠ.
897 141 943 188 329

98 210 249 277 vestigavit
267 226 340 278 apes,
358 212 487 280 fumoque
503 213 618 280 inplevit
635 231 740 280 amaro;

97 286 162 339 lllae
180 287 254 339 intus
272 283 396 355 trepidae
414 305 505 342 rerum
522 306 572 357 per
590 307 668 343 cerea
685 295 774 345 castra

97 363 265 430 Discurrunt,
284 365 444 433 magnisque
461 369 561 419 acuunt
579 365 742 420 stridoribus
759 369 830 433 iras3
908 385 944 424 aas

96 440 221 492 Volvitur
238 444 298 493 ater
316 440 384 493 odor
402 442 500 506 tectis;
518 446 577 495 tum
595 460 733 505 murmure
751 461 830 498 caeco

96 517 175 569 lutus
194 533 259 569 saxa
277 521 374 570 sonant
384 539 390 582 ;
409 533 507 570 vacuas
525 519 656 572 it'fumus
674 521 708 573 ud
728 537 813 574 auras.

131 593 240 647 Accidit
257 593 324 646 haec
342 593 420 646 fessis
440 594 522 646 etianr
541 596 650 648 fortuna
670 596 779 663 Latinis,

96 669 170 732 Quae
188 673 275 722 totam
293 668 369 722 luctu
386 671 521 723 concussit
540 671 662 724 funditus
680 673 782 726 urbem.

97 745 201 812 Regina
218 749 250 798 ut
267 745 348 798 tectis
366 745 519 799 venientem
539 747 669 815 prospicit
687 748 800 813 hostem,
909 764 945 804 ssa

97 822 197 874 lucessi
216 838 314 886 muros,
333 821 403 888 ignis
421 821 456 873 ad
473 825 548 875 tectu
566 823 663 890 volare,

98 897 236 964 Nusquam
254 897 326 949 acies
344 901 438 950 contra
458 898 579 965 Rutulas,
599 899 672 950 nullu
690 901 798 966 agmina
816 902 917 954 Turni:

97 973 193 1026 Infelix
212 989 319 1040 pugnae
337 973 461 1025 iuvenem
479 973 507 1024 in
527 975 675 1027 certamine
692 975 780 1029 credit

95 1049 274 1112 distinctum,
293 1051 328 1116 et,
347 1048 437 1100 subito
456 1053 575 1102 mentem
595 1049 707 1103 turbata
725 1050 824 1119 dolore,
861 1061 866 1070 “

95 1128 129 1178 Se
147 1141 267 1178 caussam
286 1125 385 1178 clamat
402 1125 558 1192 crimenque
577 1130 712 1194 caputque
729 1127 868 1193 malorum,
907 1145 944 1182 suu

95 1201 237 1269 Multaque
254 1217 304 1267 per
323 1205 457 1253 maestum
477 1201 589 1253 demens
610 1202 690 1253 effata
707 1202 830 1269 furorem,

96 1277 248 1344 Purpureos
267 1277 398 1330 moritura
416 1294 498 1329 manu
518 1276 647 1329 discindit
660 1279 780 1344 amictus,

95 1353 129 1406 Et
146 1353 248 1405 nodum
266 1353 386 1405 informis
404 1353 452 1405 leti
471 1352 549 1405 trabe
568 1354 652 1405 nectit
672 1353 706 1405 ab
724 1353 785 1407 alta

34 1436 35 1439 ’
95 1430 180 1494 Quam
199 1429 303 1483 cladem
321 1429 437 1481 miserae
455 1433 598 1497 postquam
618 1446 745 1497 accepero
765 1430 883 1495 Latinae,
921 1463 924 1468 -

95 1505 164 1558 Filia
181 1506 269 1576 prima
287 1522 369 1558 manu
387 1505 470 1556 flavos
490 1505 602 1557 Lavinia
622 1505 702 1557 crinis
906 1520 949 1558 ωε

94 1581 237 1635 Etruscas
254 1581 355 1634 laniata
372 1597 463 1648 genas,
483 1584 541 1633 tum
561 1584 654 1634 cetera
671 1581 770 1633 circum

94 1657 183 1709 Turba
201 1657 284 1721 lurit;
303 1655 430 1710 resenant
448 1657 503 1710 late
523 1656 697 1724 plangoribus
716 1656 804 1710 aedes.

95 1733 166 1786 Hinc
184 1737 270 1786 totam
288 1733 383 1785 infelix
402 1733 527 1799 volgatur
546 1733 618 1784 famo
635 1749 685 1800 per
703 1732 805 1784 urbem.

93 1807 250 1862 Demittunt
267 1813 386 1872 mentes3
405 1809 427 1860 it
446 1809 528 1860 scissa
548 1812 623 1860 veste
643 1808 762 1873 Latinus,

94 1884 222 1952 Coniugis
239 1885 371 1937 attonitus
388 1885 453 1937 fatis
472 1884 602 1951 urbisque
623 1883 707 1948 ruina,
906 1897 943 1937 010

94 1960 226 2014 Canitiem
245 1961 373 2013 inmundo
391 1961 528 2029 perfusam
548 1959 659 2028 pulvere
678 1963 799 2026 turpans

93 2035 247 2103 [Multaque
265 2053 294 2089 se
312 2036 425 2102 incusat,
445 2037 491 2103 qui
509 2052 562 2088 non
581 2034 717 2101 acceperit
734 2037 798 2086 aitte

95 2111 260 2164 Dardanium
280 2114 401 2177 Aenean,
420 2128 605 2178 generumque
628 2109 774 2162 adsciverit
791 2109 883 2177 ultro}

127 2188 237 2240 Interea
255 2192 378 2241 extremo
397 2187 558 2240 bellatoria
579 2202 696 2253 aequore
717 2185 822 2237 Turnus

93 2263 213 2317 Palantis
231 2265 354 2332 sequitur
372 2280 471 2331 paucos
491 2264 544 2315 iam
565 2262 680 2328 segnior,
700 2265 782 2327 atque
908 2275 944 2314 ⁶15

95 2340 152 2392 lum
170 2340 259 2393 minus
277 2344 360 2408 atquc
378 2340 466 2392 minus
487 2355 611 2391 successu
624 2337 712 2390 laetus
730 2353 866 2404 equorum,

95 2416 197 2470 Attulit
213 2416 285 2468 hune
302 2413 344 2466 illi
365 2416 452 2469 caecis
472 2415 624 2469 terroribus
646 2430 711 2466 auru
797 2420 799 2424 ⁴

47 2524 55 2556 ·.
93 2491 277 2548 commixtum
294 2492 445 2558 clamorem,
465 2496 640 2557 arrectasque
662 2489 759 2556 inpulit
776 2489 848 2541 auris

93 2566 226 2620 Confrrsae
245 2584 326 2620 sonus
344 2567 420 2619 urbis
439 2571 468 2620 ct
487 2565 644 2618 inlaetabile
665 2581 794 2615 murmur.

95 2642 148 2695 Hei
165 2643 247 2695 mihi!
268 2643 334 2711 quid
352 2647 430 2696 tanto
449 2643 595 2695 turbantur
618 2639 723 2691 moenia
741 2639 836 2692 luctu'l
909 2652 944 2691 aa·

92 2717 192 2780 Quisve
210 2719 266 2771 ruit
283 2723 377 2772 tantus
396 2719 503 2771 diversa
524 2718 625 2769 clamor
645 2715 679 2768 ab
698 2715 784 2768 nrbcl

92 2793 136 2847 Sic
152 2793 200 2860 ait,
219 2793 400 2862 adductisque
421 2812 513 2846 amens
534 2792 658 2844 subsistit
678 2791 797 2843 habenis.

95 2872 186 2938 Atque
204 2870 273 2935 huic,
291 2870 436 2922 infaciem
455 2886 530 2921 soror
548 2871 580 2920 ut
599 2883 729 2920 conversa
747 2865 854 2918 Metisci

93 2946 216 3013 Aurigae
237 2962 403 3012 currumque
421 2949 450 2997 ct
468 2960 552 3011 eques
570 2947 599 2996 et
616 2943 673 2994 lora
684 2936 812 3008 ‘regebat

92 3020 202 3074 Talibus
222 3022 340 3073 occurrit
358 3020 454 3073 dietis:
474 3020 542 3082 Hac,
561 3019 657 3080 Turne,
678 3032 824 3083 sequamur
909 3029 944 3066 aas

92 3097 266 3163 Troiugenas,
285 3113 340 3164 qna
357 3096 445 3163 prima
463 3095 533 3146 viam
552 3093 664 3145 victoria
682 3092 795 3160 pandit;

93 3172 164 3227 Sunt
182 3171 236 3236 alii,
255 3172 302 3240 qui
320 3173 395 3224 tecta
412 3187 492 3223 manu
511 3168 659 3221 defendere
676 3167 786 3234 possint.
