2032 3524
327 111 532 160 GEORGICON
550 111 619 159 LIB.
640 112 676 159 Il.
898 115 927 164 l'i

114 199 192 264 Quod
202 200 334 266 superest,
346 212 532 264 quaecumque
542 212 650 263 premes
660 196 778 263 virgulta
785 213 836 264 per
843 212 928 263 agros,

79 277 183 343 Sparge
201 275 263 326 fimo
281 272 382 341 pingui,
402 275 431 324 et
449 271 535 324 multe
553 289 656 323 memor
674 273 765 325 occule
783 277 865 339 terra,

80 353 138 405 Aut
156 350 274 418 lapidem
293 347 423 414 bibulum,
444 351 491 400 aut
511 348 661 414 squalentis
680 348 771 401 infode
789 350 909 412 conchas,

79 428 157 480 Inter
176 427 248 478 enirn
267 424 393 476 labentur
412 441 506 492 aquae,
526 425 672 492 tenuisque
691 424 793 477 subibit

78 502 197 569 Halitus,
210 506 293 568 atque
306 500 409 552 animos
423 500 520 553 tollent
533 504 608 565 sata;
621 502 729 571 iamque
742 502 853 569 reperti,
892 515 928 553 350

79 579 131 643 Qui
150 596 214 631 saxo
233 594 315 644 super
333 580 416 643 atque
435 576 554 643 ingentis
572 577 693 644 pondere
711 581 800 629 testae

78 655 250 720 Urgnerent;
270 654 320 706 hoc
339 653 437 705 effusos
455 653 593 705 munimen
613 652 648 704 ad
666 653 767 719 imbris,

80 730 139 783 lloe
157 729 203 782 ubi
222 728 309 781 hiulca
329 729 374 781 siti
393 729 472 781 findit
491 729 564 781 canis
583 729 695 781 aestifer
712 746 786 781 arva.

114 805 266 858 Seminibus
284 805 388 873 positis,
409 809 535 872 superest
554 805 682 858 diducere
700 808 803 857 terram

77 882 191 948 Saepius
209 881 245 933 ad
263 881 359 948 capita,
379 884 407 933 et
425 881 508 933 duros
527 882 627 933 iactare
646 881 772 944 bidentis,
892 893 928 932 255

81 960 138 1010 Aut
155 975 248 1025 presso
267 975 394 1010 exercere
414 959 498 1010 solum
518 957 568 1008 sub
586 974 702 1024 vomere,
721 960 749 1010 et
766 958 826 1025 ipsa

79 1035 203 1086 Flectere
221 1033 350 1086 luctantis
369 1033 439 1085 inter
457 1034 549 1086 vineta
566 1033 705 1095 iuvencos;

78 1111 146 1162 Tum
165 1110 232 1162 levis
250 1110 365 1162 calamos
385 1113 413 1161 et
431 1126 508 1161 rasae
526 1109 635 1161 hastilia
653 1110 744 1176 virgae

80 1186 283 1253 fraxineasque
303 1189 398 1252 aptare
417 1185 506 1250 sudes,
526 1185 671 1252 furcasque
690 1186 812 1253 valentis,

80 1261 192 1314 Viribus
211 1262 277 1314 eniti
296 1278 412 1329 quarum
431 1265 459 1313 et
477 1265 652 1314 contemnere
671 1266 766 1314 ventos
892 1274 928 1313 33)

79 1338 259 1402 Adsuescanf,
278 1355 452 1406 summasque
472 1338 549 1406 sequi
567 1337 691 1391 tabulata
708 1356 757 1407 per
774 1339 870 1393 ulmos,

114 1418 157 1469 Ac
175 1414 239 1468 dnm
258 1415 346 1484 prima
364 1416 439 1468 novis
457 1415 589 1468 adolescit
607 1415 746 1467 frondibus
764 1419 846 1480 aetas,

78 1491 249 1545 Parcendum
269 1493 378 1552 teneris,
398 1496 434 1558 et,
453 1491 518 1544 dum
539 1508 568 1544 se
585 1492 673 1544 laetus
692 1492 727 1543 ad
745 1508 824 1544 auras

79 1568 186 1620 l'almes
205 1569 261 1634 agit
280 1566 349 1618 laxis
368 1583 416 1633 per
435 1581 532 1635 purum
552 1567 676 1619 inmissus
695 1567 816 1634 habenis,

80 1644 143 1711 lpse
161 1644 217 1695 acie
235 1643 355 1695 nondum
373 1642 449 1695 falcis
467 1642 635 1711 temptanda,
654 1644 702 1696 sed
720 1644 795 1696 uncis
893 1656 929 1694 333

79 1719 238 1787 Carpcndae
257 1718 380 1771 manibus
399 1719 518 1786 frondes,
536 1719 663 1785 interque
681 1719 825 1786 legendae:

80 1795 149 1848 lndc
167 1795 213 1847 ubi
230 1795 283 1847 ianr
303 1796 398 1847 validis
418 1795 560 1863 amplexae
580 1796 710 1862 stirpibus
728 1796 832 1848 ulmos.

79 1872 210 1938 Exierint‚
229 1876 294 1924 tnnc
314 1872 418 1938 stringe
438 1888 534 1938 comas,
555 1874 620 1923 tunc
639 1871 761 1924 bracchia
779 1871 877 1935 tonde;

80 1950 154 2000 Ante
173 1946 352 1999 reformidant
371 1947 489 2010 fcrrnm;
508 1951 566 1999 tum
586 1947 704 2013 denique
723 1948 792 2000 dura

80 2023 183 2074 Excrec
202 2022 314 2089 inperia,
334 2027 362 2073 et
381 2038 470 2073 ramos
489 2039 628 2088 compesce
647 2023 761 2076 fluentis.
858 2036 861 2040 ’
893 2039 929 2077 370

115 2097 259 2149 Texendae
277 2113 372 2163 saepes
392 2095 475 2148 etiam
493 2101 521 2148 ct
540 2113 623 2164 pecus
642 2115 720 2150 omne
739 2100 893 2164 tenendum,

81 2173 229 2240 Praecipue
248 2172 314 2224 dnm
332 2173 407 2225 frons
425 2176 522 2224 tenera
540 2172 741 2241 inprudensque
759 2175 895 2236 laberun1;

81 2250 130 2301 Cui
149 2266 230 2317 snper
248 2249 372 2316 indignas
390 2249 494 2302 hiemes
513 2248 652 2317 solemque
670 2255 809 2318 potentem

80 2327 224 2380 silvestres
242 2327 284 2379 uri
303 2326 417 2380 adsidue
436 2343 605 2395 capreaeque
624 2345 753 2395 sequaces

82 2403 220 2470 inludunt,
238 2408 386 2472 pascuntur
405 2421 469 2457 oves
488 2403 638 2472 avidaeque
657 2405 791 2459 iuvencae.
896 2421 931 2459 375

81 2479 199 2546 Frigora
212 2498 261 2533 nec
280 2484 388 2533 tantum
408 2498 474 2533 cana
493 2486 618 2534 concreta
636 2482 740 2549 pruina,

82 2556 140 2607 Aut
157 2557 247 2622 gravis
266 2556 425 2609 incumbens
444 2557 559 2624 scopulis
579 2557 717 2612 arentibus
736 2562 833 2624 aestas,

82 2631 218 2694 Quantum
237 2632 275 2684 illi
294 2649 410 2685 nocuere
429 2650 533 2700 greges,
555 2634 671 2701 durique
690 2651 823 2687 venenum

84 2707 179 2759 llcntis
197 2712 225 2761 et
243 2709 368 2762 admorso
388 2704 501 2776 signata
513 2710 539 2762 in
559 2711 643 2778 stirpe
661 2712 780 2764 cicatrix.

81 2783 141 2835 Non
160 2783 245 2846 aliam
258 2784 293 2837 ob
312 2786 417 2854 culpam
437 2786 543 2839 Baccho
562 2804 643 2855 caper
661 2786 784 2839 omnibns
803 2786 865 2840 aris,
894 2798 931 2836 333

82 2859 212 2912 Caeditur
230 2864 259 2913 et
277 2866 384 2915 veteres
403 2863 498 2916 ineunt
516 2864 672 2930 proscaenia
690 2862 753 2927 ludi,

83 2935 260 3002 Praemiaque
279 2938 392 3004 ingeniis
410 2956 493 3006 pagos
512 2943 541 2992 et
560 2941 678 3007 compita
696 2941 797 2991 circum
839 2973 841 2976 >

81 3011 214 3064 Thesidae
231 3029 353 3080 posuere,
371 3018 455 3080 atque
473 3015 546 3067 inter
564 3015 659 3081 poeula
677 3013 741 3065 laet-i

82 3086 210 3138 Mollibus
227 3089 254 3140 in
272 3088 359 3156 pratis
377 3093 472 3142 unetos
491 3091 596 3143 saluere
614 3106 664 3156 per
681 3092 765 3141 utres.

83 3161 140 3214 Nec
159 3180 209 3215 non
231 3165 354 3230 Ausonii,
373 3165 454 3217 Troia
471 3183 538 3232 gens
557 3165 645 3225 missa,
663 3164 749 3217 coloni
895 3177 932 3216 335
