2032 3524
90 118 137 167 220
324 115 354 163 P.
372 111 526 162 VERGILI
543 110 707 162 MABONIS

91 196 318 266 Quandoquidem
338 193 460 249 Ausonio
478 193 596 262 respersi
613 194 744 262 sanguine
761 194 889 265 Teucros,

91 276 151 329 lloe
169 274 252 328 etiam
271 272 312 325 his
330 271 437 333 addam,
456 274 504 324 tua
523 270 546 323 si
563 270 629 323 mihi
647 275 724 325 certa
741 271 878 327 voluntas:

91 352 233 404 Finitirnas
251 350 278 402 in
296 349 369 403 bella
387 349 473 401 ieram
491 347 645 400 rumoribus
664 347 755 414 urbes,

92 427 302 493 necandamque
321 424 425 478 animos
443 424 531 476 insani
552 424 650 476 Martis
668 440 767 492 amore,
903 440 943 481 eso

92 503 219 571 Undique
236 505 268 554 ut
286 500 385 553 auxilio
404 500 526 553 ueniant:
546 516 672 568 spargam
690 516 766 553 armo
784 517 835 569 per
851 518 941 569 agros

89 579 156 631 Tum
175 582 269 631 contra
290 578 371 641 luno;
390 576 535 629 'serrorum
554 580 583 628 et
601 575 706 629 fraudis
723 576 832 630 abunde
850 582 906 633 est:

89 656 170 707 Stant
187 653 251 706 belli
270 668 393 705 caussae:
413 656 551 719 pugnatur
569 653 717 705 comminus
735 653 832 719 aruris;

90 734 165 794 Quae
183 730 238 785 fors
256 730 343 797 prima
361 729 447 791 dedit,
468 730 577 795 singnis
596 745 680 781 novus
700 729 800 783 imbuit
817 746 900 785 uma

89 807 163 859 Talia
181 805 305 872 coniugia
323 808 352 857 et
369 804 432 857 talis
450 804 590 857 celebrent
607 805 767 873 hymenaeus
904 820 944 861 ωε

92 883 237 950 Egregium
256 880 372 934 Veneris
389 897 476 947 genus
494 885 523 934 et
542 898 589 934 rex
607 881 667 949 ipse
687 880 808 934 Latinus

89 959 127 1012 Te
144 976 225 1027 snper
243 958 379 1011 aetherias
398 973 491 1009 errare
509 957 636 1010 licentius
653 974 734 1010 aunis

92 1035 173 1087 llaud
194 1036 275 1087 Pater
293 1034 340 1086 illc
358 1033 431 1099 velit,
450 1033 546 1086 summi
565 1038 696 1100 regnator
713 1032 828 1102 Olympi,

90 1112 163 1164 t'edc
181 1110 254 1164 loeis.
292 1110 356 1177 ligo,
374 1110 396 1162 si
415 1127 470 1178 qua
487 1126 570 1177 super
588 1110 697 1163 fortuna
714 1109 836 1162 laborum
853 1112 908 1177 est,

91 1187 153 1254 Ipsa
172 1204 271 1253 regnun.
309 1185 383 1239 'lulis
399 1184 516 1238 dederat
535 1187 662 1239 Satimria
680 1202 772 1249 roees;
905 1200 945 1242 ω)

92 1264 141 1315 llla
159 1270 251 1316 alitem
271 1262 373 1315 attollit
392 1262 536 1315 stridentis
554 1262 688 1329 auguribus
706 1262 770 1329 alas,

90 1340 237 1407 (limatique
257 1339 327 1406 petit
346 1338 446 1395 sedem,
464 1355 563 1406 supera
582 1338 668 1391 ardna
686 1338 817 1406 linquens

92 1417 139 1467 list
158 1416 231 1467 liuns
252 1414 349 1467 ltaliae
369 1413 458 1466 medio
478 1414 528 1466 snb
547 1413 684 1467 montibus
702 1414 771 1481 altis,

90 1492 114 1545 N
117 1492 197 1543 abilis
216 1496 245 1543 et
263 1491 335 1542 iuma
353 1490 446 1543 multis
464 1496 632 1543 memoratus
650 1491 676 1543 in
696 1490 757 1554 oris,

91 1568 232 1622 Arnisaneti
251 1566 347 1629 valles,
367 1566 458 1618 densis
477 1566 547 1619 hunc
565 1566 707 1620 frondibus
726 1572 816 1621 atrum
905 1584 946 1626 ω

90 1643 197 1710 Urgnet
216 1642 354 1710 utrimque
373 1642 444 1694 latus
462 1644 588 1709 nemoris,
606 1644 753 1712 medioque
770 1643 896 1713 fragosus

91 1719 145 1772 liat
164 1719 283 1771 sonitum
303 1718 375 1770 saxis
394 1724 422 1770 et
441 1723 514 1771 torto
534 1720 636 1773 vertice
653 1724 768 1773 torrens.

92 1796 143 1848 llic
162 1812 257 1862 uincens
276 1793 442 1846 horrendum
462 1800 490 1846 et
509 1795 581 1848 saevi
601 1796 735 1864 spiraculo
754 1794 828 1849 Ditis

90 1872 286 1935 Monstramur,
306 1874 443 1939 ruptoque
463 1870 558 1938 ingens
579 1873 735 1925 Acheronte
751 1887 853 1941 vorago

91 1947 236 2001 Pestiferos
255 1947 344 2016 aperit
361 1946 461 2013 fauces,
480 1948 540 2014 quis
559 1948 669 2001 condita
688 1948 790 2017 Erinys,
908 1966 949 2009 m

91 2024 211 2075 Invisum
230 2040 337 2087 numen,
356 2027 445 2075 terras
463 2023 623 2091 caelumque
641 2022 755 2077 levabat.

125 2100 181 2153 Noe
199 2100 288 2152 minus
306 2100 411 2152 interea
429 2104 580 2152 extremam
600 2100 728 2154 Saturnia
745 2099 817 2154 bello

91 2176 201 2244 linonit
219 2177 312 2243 regrina
330 2192 447 2229 manum.
485 2175 552 2228 ituit
571 2176 657 2228 omnis
675 2176 704 2228 in
721 2174 818 2230 urbem

91 2252 233 2306 l'ustorunn
251 2269 285 2305 ex
303 2253 360 2305 acie
378 2269 513 2317 numerum,
531 2269 677 2321 caesosque
695 2256 839 2321 reportant
881 2300 884 2305 .

93 2329 235 2381 annonem
253 2344 367 2396 puerum
385 2328 545 2396 foedatique
564 2346 611 2380 ora
629 2328 745 2393 Galaesi,
910 2346 950 2391 m

93 2405 287 2471 inplorantqne
305 2403 378 2461 deos.
398 2404 627 2473 obtestanturque
648 2405 784 2459 Latinum.

90 2480 195 2532 'lurnns
214 2478 300 2543 adest,
318 2479 464 2548 medioque
481 2481 509 2531 in
528 2480 640 2534 erimine
658 2480 749 2534 caedis
767 2486 797 2536 et
814 2482 876 2553 igni
924 2542 931 2551 ,

90 2556 231 2607 Terrorem
250 2554 412 2620 ingeminat:
433 2556 550 2609 'l'encros
570 2557 597 2608 in
616 2574 699 2625 regna
717 2558 823 2621 voerari3

91 2632 210 2697 Stirpem
229 2629 372 2681 admisceri
392 2630 551 2698 Phrygiam:
572 2650 601 2685 se
619 2633 713 2686 limine
730 2633 803 2701 pelli.

91 2707 166 2769 '1¹1nn,
180 2721 295 2774 quornm
307 2705 440 2758 attonitae
455 2707 561 2760 Baccho
573 2725 684 2762 nemora
695 2709 755 2762 avio
766 2714 876 2769 matres
912 2730 951 2771 ω)

95 2782 229 2835 insultant
241 2780 468 2848 thiasis-neque
483 2784 554 2836 eninr
568 2785 627 2837 leve
639 2801 737 2838 nomon
751 2786 921 2859 Amatae,-

94 2857 220 2923 llndiqno
238 2855 343 2909 collecti
361 2861 466 2920 coeunt,
485 2858 659 2928 Martemque
677 2859 803 2929 fatigant.

92 2926 170 2985 ilicet
188 2932 328 2985 infandum
347 2933 436 2985 cuncti
455 2938 550 2987 contro
568 2937 657 2989 (antina
674 2935 785 3005 bellum,

92 3008 194 3061 Contra
212 3008 269 3061 iata
287 3008 375 3073 doum,
394 3024 523 3076 perverso
541 3013 650 3064 numine
668 3016 792 3081 poscunt

89 3083 225 3135 Oertatinr
244 3085 316 3150 regis
335 3083 510 3137 circumstant
529 3090 603 3139 tecta
623 3087 732 3153 Latini3

93 3157 143 3211 Ille
163 3159 237 3210 volnt
254 3160 342 3225 pelagi
362 3176 445 3229 rupes
464 3163 566 3215 inmota
585 3163 695 3228 resistit,
