2032 3524
82 71 111 116 18
308 67 336 113 P.
360 66 508 113 vulturni
527 66 692 113 muudum·

82 147 175 214 Incipe
194 145 344 200 Maenalios
363 161 476 212 mecum,
496 161 556 199 meu
575 145 651 214 tibia,
669 163 771 200 versus.

80 223 106 274 N
108 239 160 276 unc
177 226 207 276 et
225 222 282 276 ovis
301 222 375 274 ultro
392 222 480 289 fugiat
496 221 585 289 lupus,
603 239 686 275 aurea
705 223 790 277 durae

80 297 153 350 Maia
171 298 262 351 ferant
279 315 402 366 quercus,
422 298 542 351 narcisso
560 299 657 353 flereat
674 300 760 369 ainus,

80 373 194 442 Pinguia
212 374 358 427 corticibus
377 375 478 428 sudent
496 375 600 428 electra
618 377 742 443 myricae,

80 452 194 506 Certent
212 457 241 504 et
259 455 348 519 cycnis
367 451 464 516 ululae,
484 453 520 505 sit
538 452 648 519 Tityrus
667 453 801 521 Orpheus,
909 470 936 509 ss

80 528 206 596 Orpheus
224 528 251 580 in
270 528 351 589 silvis
370 528 442 580 inter
461 529 603 597 delphinas
623 529 717 593 Arion,

79 605 183 672 (Incipe
204 603 355 673 Maenalios
373 620 486 671 mecum,
505 621 566 657 mea
584 603 659 671 tibia,
677 606 780 669 versus)

79 681 177 733 Omnia
194 679 237 732 vel
255 679 376 732 medium
395 680 461 733 fiant
479 697 560 734 mare.
598 681 697 747 Viuite,
718 680 817 734 silvae:

79 757 214 825 Praeceps
232 756 299 809 aerii
317 756 426 831 mesula
444 756 480 809 de
498 757 598 810 mentis
616 757 644 809 in
662 757 749 809 undas

78 833 213 897 Deferar;
231 837 384 887 extremum
403 832 453 885 hoc
471 849 568 885 munus
586 834 725 886 morientis
743 833 850 888 habete.
908 849 935 888 ω

78 908 179 962 Desine
199 908 355 975 Maenalios,
374 909 427 961 iam
446 908 550 976 desine,
568 909 643 977 tibia,
662 926 762 962 versus.

113 986 191 1039 Haec
209 985 333 1048 Damon3
351 1001 406 1052 vos,
424 1001 494 1054 quae
512 985 686 1054 responderit
704 980 914 1054 Alphesibdeus,

78 1061 176 1130 Dicite,
195 1061 338 1128 Pierides;
356 1077 409 1114 nen
427 1063 517 1115 omnia
534 1079 677 1130 pessumus
696 1080 795 1116 omnes.

111 1140 146 1191 Α.
166 1139 240 1194 Effer
257 1155 363 1207 aquam,
383 1141 412 1191 et
429 1138 503 1191 molli
522 1138 599 1205 cinge
618 1139 683 1191 haec
701 1139 799 1191 altaria
817 1139 894 1206 vitta,

79 1215 274 1287 Verbenasquc
293 1215 371 1267 adele
389 1214 497 1282 pinguis
516 1219 545 1267 et
562 1215 682 1289 nrascula
701 1219 779 1269 tura:
907 1233 932 1270 es

48 1320 64 1336 ι
79 1293 206 1359 Coniugis
224 1296 256 1345 ut
274 1292 384 1358 magicis
403 1308 482 1345 sanos
501 1295 626 1343 avertere
645 1291 728 1344 sacris

80 1368 211 1436 Experiar
229 1384 341 1430 sensus,
359 1366 425 1418 nihil
444 1366 486 1419 hic
504 1366 555 1419 nisi
575 1367 694 1419 carmina
713 1369 820 1422 desunt.

80 1445 177 1497 Ducite
190 1443 224 1498 ab
238 1443 306 1496 urbe
319 1443 436 1506 demum,
449 1459 509 1496 mea
521 1442 648 1509 carmina,
662 1444 754 1497 ducite
767 1445 912 1512 Daphnim.

79 1520 205 1573 Carmina
222 1519 271 1572 vei
283 1518 357 1572 caelo
375 1523 489 1586 possunt
508 1519 644 1573 deducere
663 1520 785 1585 Lunam3

79 1596 250 1650 Carminibus
269 1595 346 1648 Circe
365 1595 451 1648 socios
469 1596 586 1648 mutavit
605 1595 694 1662 Ulixi;
906 1613 932 1652 ιο

80 1673 207 1740 Frigidus
225 1673 252 1724 in
271 1672 355 1740 piatis
374 1671 508 1725 cantando
528 1673 665 1740 rumpitur
683 1675 785 1740 anguis.

82 1750 177 1802 Ducite
189 1748 224 1801 ab
236 1748 304 1800 urbe
317 1748 434 1814 demum,
446 1764 508 1800 mea
520 1749 647 1814 carmina,
660 1749 752 1802 ducite
765 1749 910 1818 Daphnim.

79 1825 166 1878 Tcrna
184 1825 235 1879 tibi
253 1825 320 1877 haec
337 1824 454 1891 primum
475 1824 575 1892 triplici
595 1825 702 1878 diversa
720 1826 809 1879 celere

80 1902 154 1954 Licia
171 1900 317 1967 circumdo,
334 1904 432 1968 terque
451 1901 517 1953 hacc
535 1901 631 1954 altaria
649 1901 749 1953 circum

79 1980 203 2046 liiiigiem
221 1977 307 2041 dueo;
325 1993 437 2029 numero
457 1977 525 2030 deus
542 1978 637 2046 inpare
656 1976 766 2044 gaudet.
906 1993 930 2033 ts

78 2057 189 2125 [Ducite
202 2053 236 2106 ab
248 2053 316 2106 urbe
329 2052 447 2120 domurn,
460 2071 521 2107 mea
533 2054 659 2119 carmina,
668 2053 760 2107 ducite
772 2053 931 2124 Daphnim]

68 2135 165 2187 ·Ncete
183 2129 270 2184 tribus
288 2129 365 2182 nodis
385 2134 484 2196 ternos,
505 2130 644 2197 Amarylli,
663 2129 783 2194 celorcs;

80 2211 173 2276 Necte,
194 2206 331 2273 Amarylli‚
351 2206 438 2271 mode,
457 2210 493 2272 ct,
514 2206 637 2271 Veneris,
655 2205 706 2270 dic,
720 2205 825 2258 vincula
843 2214 931 2263 necte.

80 2286 177 2338 Ducite
189 2283 223 2336 ab
235 2282 303 2334 urbe
316 2281 434 2347 demum,
448 2298 508 2333 mea
521 2282 646 2347 carmina,
662 2279 753 2332 ducite
772 2280 918 2348 Daphnim.

81 2363 171 2421 Limus
190 2364 220 2411 ut
238 2358 280 2410 hic
299 2356 420 2409 durescit
440 2361 469 2409 et
487 2356 553 2410 haec
572 2360 604 2410 ut
622 2374 685 2410 cera
703 2355 828 2423 liquescit
906 2377 931 2413 se

80 2439 140 2490 Une
158 2433 352 2501 eodemque'
326 2450 354 2484 ισ
355 2433 389 2498 ni,
409 2433 446 2487 sic
465 2436 559 2486 nostre
579 2433 701 2501 Daphnis
720 2448 817 2486 amere

80 2516 183 2581 Sparge
199 2509 305 2582 melam,
324 2513 352 2562 et
341 2509 473 2574 tiragilis
493 2510 608 2563 incende
626 2508 760 2562 bitumine
778 2509 876 2562 laurus.

82 2589 201 2656 Daphnis
214 2602 258 2639 me
270 2586 356 2638 malus
369 2584 479 2649 urit,
446 2604 467 2639 c
463 2603 495 2653 0
507 2585 596 2639 hane
589 2604 616 2640 m
632 2574 777 2654 Daphnide
789 2587 901 2640 laurum.

82 2665 178 2717 Ducite
190 2663 225 2716 ab
237 2663 306 2716 urbe
319 2663 436 2731 demum,
449 2683 509 2718 mea
522 2665 649 2733 earmina,
665 2663 756 2719 ducite
769 2666 913 2735 Daphnim.

80 2740 152 2794 Palis
169 2756 245 2792 amor
263 2738 406 2808 Daphnim,
427 2742 515 2811 qualis
534 2756 594 2796 cum
614 2743 710 2798 fessa'
703 2761 842 2798 iuvencum
907 2760 931 2797 ss

81 2817 134 2869 Per
152 2832 262 2870 nemora
279 2821 363 2905 atque
381 2820 449 2873 aites
469 2823 625 2890 quaerendo
645 2823 743 2876 bucula
760 2823 833 2876 luces

82 2893 198 2960 Propter
215 2909 302 2962 aquae
320 2893 407 2948 rivum
426 2898 507 2950 viridi
526 2887 708 2966 procumbit'
701 2916 728 2951 1n
746 2900 816 2965 ulva,

82 2969 201 3036 Perdita,
219 2985 269 3022 nee
288 2986 364 3024 serae
382 2974 506 3028 meminit
524 2974 657 3028 decedere
677 2976 759 3043 nocti,

80 3045 152 3097 'faiis
170 3061 247 3097 amor
264 3049 364 3116 teneat,
383 3066 432 3103 nec
451 3052 487 3103 sit
505 3050 571 3104 mihi
589 3067 653 3104 cura
672 3052 783 3105 mederi.
905 3065 930 3104 ee

83 3121 179 3174 Ducite
191 3121 225 3174 ab
238 3122 305 3174 urbe
319 3125 436 3191 domum,
448 3145 509 3181 mea
522 3128 647 3191 carmina,
662 3128 753 3181 ducite
767 3127 910 3195 Daphnim.
