2032 3524
343 126 524 174 AENEIDOS
542 127 611 174 LIB.
631 123 680 174 IX.
893 131 939 176 259

93 211 250 280 Increpuit;
274 213 398 280 seqnitur
413 214 525 282 clamor,
544 214 703 283 caelumque
720 217 847 285 remugit.

91 289 258 342 Adcelerant
275 293 336 342 acta
353 292 458 358 pariter
476 291 616 344 testudine
635 292 741 357 Volsci;
903 309 940 348 eos

90 364 126 416 Et
144 365 230 418 fossas
248 365 351 432 inplere
371 369 468 432 parant
486 384 517 419 ae
537 367 636 419 vellere
655 368 764 422 vallum.

90 440 230 503 Quacrmrt
248 458 311 508 pars
329 442 442 506 aditum,
462 447 491 495 et
509 443 587 496 scalis
605 443 752 497 ascendere
771 461 866 503 muros

89 516 228 579 Quarum
246 523 288 571 cst
306 519 376 570 acics
394 518 595 587 interlucetque
613 536 712 572 corona

88 593 150 644 Non
169 596 226 646 tam
246 594 332 659 spissa
350 595 422 647 viris.
459 595 585 648 Telorum
604 596 743 649 effundero
762 602 856 650 contra

89 667 176 722 Omne
193 686 279 735 genus
298 670 394 723 Teucri
412 688 443 724 ac
462 672 538 725 duris
557 672 706 726 detrudere
725 672 819 736 contis,
901 690 937 727 sio

90 745 207 799 Adsueti
226 747 306 814 longo
325 764 417 799 muros
435 748 584 800 defendere
602 748 682 801 bello.
854 760 856 763 '

88 820 159 873 Saxa
177 839 285 889 quoque
303 823 404 874 infesto
423 823 567 875 volvebant
585 823 713 891 pondere,
733 825 754 876 si
774 841 828 892 qua

89 896 203 949 Posscnt
221 901 322 950 tectam
341 899 425 950 aciem
444 914 629 965 perrumpere,
647 915 708 950 curn
728 903 819 951 tamen
838 902 925 954 omnis

88 971 171 1024 Ferre
190 973 265 1025 iuvat
284 973 378 1025 subter
397 973 482 1025 densa
500 973 639 1026 testudine
657 990 741 1025 casus.

87 1047 112 1097 N
114 1064 144 1099 ec
163 1049 216 1099 iam
235 1048 379 1100 sufficiunt.
414 1048 438 1099 N
442 1064 484 1099 am
504 1064 557 1115 qua
574 1048 671 1114 globus
689 1048 813 1101 imminet
829 1049 932 1117 ingens,

90 1123 227 1175 inmanem
246 1123 342 1175 ‘leucri
361 1123 459 1175 molem
477 1123 643 1189 volvuntque
661 1127 806 1190 ruuntque,

86 1199 161 1260 Quae
180 1199 278 1250 stravit
297 1198 414 1249 Rutulos
432 1198 494 1263 late,
513 1214 705 1265 armorumque
723 1198 836 1252 resolvit

86 1273 222 1340 l'cgmrina.
259 1274 283 1325 N
286 1290 316 1326 ee
335 1278 431 1327 curant
449 1290 528 1326 caeco
547 1273 712 1326 contendere
731 1274 821 1326 Marte

87 1349 213 1418 Amplius
231 1347 348 1402 audac‘es
368 1349 472 1417 Rutuli,
491 1349 540 1403 sed
558 1349 660 1417 pellere
678 1349 747 1402 vallo

85 1425 236 1477 Missilibus
255 1429 368 1479 certant.
885 1442 932 1498 ‚aaa

86 1502 168 1554 Parte
186 1501 239 1554 alia
257 1501 409 1554 horrendus
429 1503 488 1555 visu
506 1501 654 1568 quassabat
674 1502 816 1555 Etruscam

85 1577 183 1629 Pinum
202 1581 231 1630 et
249 1577 390 1631 fumiferos
409 1579 492 1632 infert
511 1579 664 1631 Mezentius
682 1579 768 1646 ignis3

86 1655 125 1705 nt
143 1653 286 1722 Messapus
305 1671 405 1722 equum
425 1655 551 1721 domitor,
571 1655 711 1722 Neptunia
728 1655 826 1723 proles,

85 1728 226 1782 Rescindit
244 1731 344 1783 vallum
363 1736 392 1782 et
410 1731 495 1784 scalas
513 1732 540 1782 in
559 1731 666 1783 moenia
683 1731 785 1798 poscit.v

119 1805 182 1868 Vos,
201 1823 216 1857 0
237 1807 365 1874 Calliope,
386 1824 490 1874 precor,
510 1807 650 1874 adspirate
667 1807 782 1870 canenti,
892 1823 929 1862 aas

84 1881 156 1943 Quas
175 1881 213 1932 ibi
232 1887 291 1934 turn
310 1882 383 1934 ferro
403 1887 516 1950 strages,
536 1899 606 1949 quae
624 1883 719 1935 funera
738 1883 843 1936 Turnus

84 1955 218 2021 lididerit,
237 1974 319 2023 quem
339 1957 453 2024 quisque
472 1958 560 2009 virum
579 1956 721 2010 demiserit
740 1958 826 2022 Oreo;

83 2032 119 2082 llt
137 2047 243 2082 mecum
261 2032 379 2098 ingentis
397 2048 458 2085 oras
477 2032 594 2084 evolvite
611 2031 683 2083 belli.

82 2106 130 2174 [ut
149 2105 309 2159 meministis
327 2107 407 2173 eninr,
426 2106 513 2172 divae,
532 2109 561 2159 et
578 2122 729 2159 memorare
746 2107 883 2175 potestis]

116 2181 210 2233 Turris
229 2185 378 2234 eratvasto
396 2186 524 2250 suspectu
543 2185 571 2234 et
589 2180 717 2250 pontibus
735 2181 804 2246 altis,
894 2199 928 2237 sao

82 2258 243 2325 Opportuna
261 2257 334 2319 loco;
360 2258 472 2310 summis
491 2274 572 2326 quam
591 2256 695 2309 viribus
713 2273 808 2312 omnes-

82 2334 246 2400 Enpugnare
267 2333 330 2386 ltali
349 2350 509 2401 summaque
528 2336 653 2386 evertere
671 2348 751 2400 opum
770 2333 797 2385 vi

82 2409 237 2475 Certabant,
257 2409 339 2462 Troes
357 2413 452 2461 contra
470 2408 619 2462 defendere
637 2408 709 2460 saxis

82 2486 188 2552 Perque
207 2503 285 2538 cavas
304 2485 381 2538 densi
400 2485 455 2538 tela
473 2485 630 2552 intorquere
647 2484 789 2539 fenestras.

82 2560 211 2628 Princeps
229 2562 373 2614 ardentem
391 2561 506 2614 coniecit
523 2559 650 2626 lampada
668 2558 781 2628 Turnus,
893 2576 928 2615 aas

81 2636 116 2688 ,lit
133 2635 269 2689 flammam
287 2636 384 2690 adfixit
402 2635 497 2699 lateri;
520 2651 590 2703 quae
608 2634 726 2702 plurima
743 2639 823 2690 vento

81 2711 219 2779 Corripuit
238 2712 346 2765 tabulas
366 2715 394 2766 et
412 2711 536 2780 postibus
554 2709 644 2762 haesit
661 2709 759 2763 adesis.

80 2787 192 2839 Turbati
211 2788 351 2854 trepidare
368 2788 449 2853 intus,
468 2788 624 2854 frustraque
641 2785 774 2838 malorum

81 2862 160 2914 Vcile
178 2861 278 2929 fugam.
316 2863 389 2916 Dum
407 2880 437 2916 se
455 2863 616 2930 glomerant,
635 2865 764 2929 retroque
783 2863 909 2918 residunt

80 2937 113 2989 ln
132 2941 246 3004 partem,
265 2954 334 3005 quae
353 2942 432 3006 peste
448 2941 531 3004 caret,
550 2940 609 2990 tum
628 2936 750 3004 pondere
768 2939 855 2992 turris
890 2957 943 2994 ew*

79 3012 229 3066 Procubuit
247 3013 344 3079 subito,
364 3018 392 3067 et
410 3014 514 3067 eaelum
533 3016 611 3067 tonat
628 3029 708 3065 omne
725 3013 840 3081 fragore.

37 3109 40 3115 ’
78 3088 233 3141 Semineces
251 3089 288 3141 ad
305 3091 416 3156 terram,
434 3090 535 3143 inmani
552 3089 622 3142 mole
641 3092 742 3153 secuta,
843 3096 846 3100 '

79 3164 240 3281 Confiplique
258 3166 314 3218 suis
331 3166 394 3220 telis
413 3170 441 3220 et
459 3170 572 3255 pectora
590 3165 659 3218 duro
680 3219 681 3223 ,
720 3223 724 3231 ,
