2032 3524
350 116 532 166 AENEIDOS
555 117 623 167 LlB.
647 119 679 169 V.
891 121 936 170 175

86 193 127 247 Ut
145 194 281 262 quondam
300 195 383 250 Creta
399 198 489 252 fertur
507 199 691 268 Labyrinthus
708 201 737 253 in
754 199 811 255 alta

85 269 241 324 Parietibus
258 275 368 326 textum
385 276 471 329 cerceis
489 276 550 342 iter,
569 276 770 345 ancipitemque

84 347 162 400 Mille
180 348 230 401 viis
247 349 374 404 habuisse
393 351 493 421 dolum,
511 371 566 422 qua
585 353 663 421 signa
681 355 813 424 sequendi
900 369 937 410 ooo

85 425 206 479 Falleret
223 425 402 494 indeprensus
420 432 449 482 et
465 430 649 483 inremeabilis
667 448 758 495 error;

86 502 170 555 llaud
187 503 240 556 alio
258 503 393 557 Teucrum
411 506 469 559 nati
486 508 601 575 vestigia
620 525 700 561 cursu

85 579 241 647 Inpedient,
260 583 413 649 texuntque
430 583 509 650 bigas
527 587 556 637 et
573 585 677 653 proelia
694 585 766 651 ludo,

84 655 249 723 Delphinum
267 657 375 724 similes,
395 659 441 726 qui
458 677 508 727 per
525 662 612 714 maria
629 661 742 714 humida
759 663 849 716 nando

84 733 260 800 Carpathium
273 733 459 803 Libycumque
472 740 565 790 secant
581 737 745 807 [luduntque
763 756 814 808 per
828 740 935 809 undas}

85 810 165 863 llunc
183 826 286 865 morem
304 827 400 864 cursus
417 816 500 881 atquc
518 813 586 867 haec
603 816 752 868 certamina
768 817 872 883 primus

84 888 224 955 Ascanius,
243 888 365 956 Longam
383 890 466 943 muris
484 907 545 944 cum
563 892 684 960 cingeret
703 892 811 960 Albam,

84 963 205 1018 Rettulit
222 968 252 1018 et
269 966 372 1034 priseos
390 965 483 1020 decuit
501 967 640 1020 celebrare
659 968 780 1035 Latinos,

84 1040 143 1104 Quo
160 1057 229 1110 puer
245 1043 305 1111 ipse
323 1042 412 1110 mode,
431 1059 523 1096 secum
541 1061 595 1112 quo
613 1044 693 1096 Troia
709 1044 809 1112 puhes;

84 1117 184 1171 Albani
203 1118 320 1172 docuere
338 1136 417 1182 su0s;
435 1119 499 1172 hinc
518 1136 645 1173 maxuma
662 1138 743 1188 porro
896 1138 932 1175 oou

87 1196 198 1262 Accepit
217 1194 312 1261 Roma,
331 1199 360 1249 et
377 1196 494 1264 patrium
514 1197 632 1250 servavit
650 1197 794 1262 honorora;

83 1271 215 1340 Troiaque
234 1288 305 1325 nune
322 1272 406 1339 pueri,
426 1272 571 1325 Troianum
589 1272 691 1327 dieitur
709 1290 813 1341 agmen.

83 1346 143 1400 Hae
160 1347 299 1400 celebrata
316 1351 398 1400 tenus
416 1351 509 1401 sancto
527 1351 676 1402 certamina
694 1351 771 1418 patri.

117 1425 170 1478 Hic
187 1425 306 1493 primum
324 1424 447 1477 Fortuna
464 1425 547 1477 iidem
566 1430 673 1479 mutata
690 1428 804 1480 novavit.

82 1500 154 1553 llum
173 1502 252 1555 variis
270 1501 376 1554 tumulo
394 1501 517 1554 referunt
536 1502 675 1556 sollemnia
694 1504 771 1570 ludis,
895 1519 933 1559 cos

85 1579 148 1631 lrim
168 1579 203 1631 de
220 1578 295 1631 caele
313 1578 387 1630 misit
406 1577 534 1630 Saturnia
553 1578 622 1631 Iuno

85 1655 192 1708 Iliacam
209 1655 245 1708 ad
263 1654 383 1719 classem,
401 1657 551 1722 ventosque
570 1655 693 1722 adspirat
710 1657 794 1723 cunti,

82 1733 170 1785 Multa
188 1748 305 1798 movens,
323 1730 439 1783 necdum
458 1731 598 1799 antiquum
619 1735 741 1785 saturato
758 1733 889 1789 dolorem.

84 1809 140 1874 illa,
159 1809 229 1861 viam
248 1807 370 1860 celerans
388 1824 437 1874 per
454 1807 528 1860 mille
546 1808 680 1860 coloribus·
698 1826 797 1876 arreum,

81 1886 155 1938 Nulli
174 1885 231 1938 viat
248 1885 302 1938 cito
320 1884 442 1937 decurrit
460 1885 571 1938 tramite
590 1885 672 1952 virgo.
895 1902 931 1941 olo

81 1963 218 2029 Conspicit
234 1962 373 2029 ingentem
391 1978 556 2027 concursum,
575 1965 604 2014 et
622 1961 703 2013 litora
721 1960 830 2027 lustrat,

83 2040 267 2105 Desertosque
285 2037 360 2090 videt
377 2041 473 2105 portus
490 2037 659 2105 classemque
677 2037 806 2090 relictam.

84 2119 122 2170 rit
140 2114 234 2184 procul
251 2113 280 2166 in
298 2113 355 2166 sola
372 2118 493 2168 secretae
511 2114 631 2166 Troades
650 2118 712 2165 acta

83 2192 221 2245 Antissum
240 2189 377 2244 Anchisen
395 2190 507 2258 flebant,
525 2193 694 2256 cunctaeque
712 2189 877 2256 prohmdum

84 2269 198 2322 Pontum
216 2267 413 2337 adspectabant
430 2268 534 2322 flentes.
553 2267 616 2320 lieu
635 2269 677 2319 tot
696 2265 765 2317 vada
783 2266 860 2319 sessis
894 2284 930 2321 na

82 2345 117 2398 lit
134 2348 242 2399 tantum
260 2361 402 2414 superesse
420 2346 516 2398 maris!
536 2361 589 2396 vox
607 2342 732 2395 onndbns
751 2359 808 2396 rina

80 2421 183 2476 Urbem
201 2426 295 2487 orunt;
313 2420 409 2475 taedet
426 2421 516 2489 pelagi
533 2420 655 2487 perferre
674 2418 800 2472 lahorem.

79 2500 150 2567 Ergo
167 2500 241 2553 iuter
258 2498 361 2552 medias
379 2513 439 2550 sese
457 2496 532 2549 haud
549 2496 644 2562 ignara
662 2495 776 2548 nocendi

78 2576 201 2640 Coniicit,
219 2578 247 2629 et
264 2576 415 2643 faciemque
432 2573 501 2626 deae
519 2575 678 2640 vestemque
696 2573 818 2640 reponit;

80 2653 126 2706 Fit
144 2653 240 2720 Beroe,
259 2651 367 2705 Ismarii
384 2650 501 2704 conhmx
518 2650 649 2716 longaeva
668 2648 783 2715 Dorycli,
892 2662 929 2702 cao

79 2729 130 2783 Oui
147 2744 233 2796 genus
252 2732 282 2782 ct
300 2726 434 2797 quondam
453 2742 551 2779 nomen
570 2726 682 2793 natique
699 2724 830 2790 fuissent;

80 2807 122 2857 Ac
141 2804 179 2856 sic
197 2804 387 2858 Dardanidum
403 2801 521 2857 mediam
539 2818 570 2855 se
587 2800 720 2854 matribus
737 2800 832 2853 infert:

79 2882 102 2932 Ο
121 2882 244 2948 miserae,
263 2896 331 2949 quas
349 2895 403 2932 non
418 2896 522 2946 manus,
540 2878 638 2946 inquit,
658 2876 778 2931 Achaica
795 2874 866 2928 bello

78 2956 206 3010 Traxerit
223 2956 259 3010 ad
276 2956 363 3009 letum
379 2956 485 3025 patriae
501 2952 552 3009 sub
570 2950 726 3007 moenibus!
745 2965 762 3003 o
778 2964 847 3017 gons

79 3035 186 3102 infelix,
204 3033 248 3088 cui
264 3035 295 3086 tc
311 3031 396 3085 exitio
413 3030 536 3085 Fortuna
552 3028 691 3083 reservati
729 3026 734 3035 '

77 3112 209 3180 Septuma
224 3108 295 3181 post
307 3108 404 3163 Troiae
419 3106 570 3163 exscidium
586 3104 641 3159 hm
658 3100 777 3191 vertitur
792 3116 813 3155 a
889 3142 891 3161 .

78 3190 146 3243 Cum
165 3188 243 3253 freta,
261 3202 323 3242 cum
341 3188 430 3241 team
447 3184 543 3244 omnis.
559 3178 759 3249 monueram
825 3199 842 3235 s
