2032 3524
80 128 126 171 :330
309 126 339 177 Ρ,
358 123 507 171 VERGILI
534 124 699 171 Multorum

78 203 188 270 Ingruit
207 204 316 256 Aeneas
337 203 414 256 Italis
433 206 462 256 et
480 201 583 271 proelia
602 204 705 269 miscet,

78 280 113 332 Et
133 296 181 331 nos
199 295 279 332 saeva
298 295 379 332 mauu
397 281 540 331 mittamus
558 280 654 331 funera
672 279 790 333 Teucris.

77 355 101 405 N
104 372 134 407 ec
147 371 259 407 muucro
272 354 390 421 inferior,
402 372 509 423 pugnae
521 371 571 406 uec
583 355 685 407 honore
696 356 815 408 rceedcs.
894 371 929 409 me

77 431 182 481 'l'uruus
201 429 237 481 ad
256 429 338 483 hacc:

77 508 99 552 O
119 523 200 571 seror,
220 511 248 559 et
268 505 371 557 dudum
390 505 514 569 rulguovi,
533 520 593 555 cum
612 507 699 571 prium
721 524 770 573 per
788 512 877 559 artem

79 582 199 634 Foedera
217 581 335 633 turbasti
355 585 438 645 teque
457 579 523 631 hace
541 581 568 631 iu
588 580 659 632 bella
678 581 787 646 dedisti,

77 658 111 711 Et
130 676 200 712 nuuc
218 658 382 725 nequiquam
402 655 473 707 sullis
492 655 550 708 dea.
584 656 639 709 sed
658 659 719 723 quis
738 659 853 727 Olympo

79 736 228 788 Demissam
247 738 339 788 tantos
359 732 444 785 voluit
462 738 491 785 te
509 731 580 784 ferre
598 732 724 787 labores?
893 751 928 789 css

78 814 121 863 Aa
140 812 232 864 fratris
252 812 342 864 miseri
360 810 445 862 letum
463 813 495 862 ut
514 809 624 861 crudele
642 809 767 864 vidercsl

78 889 146 940 Nam
160 888 227 956 quid
240 905 291 955 ago
302 890 309 941 l
324 891 372 941 aut
385 903 455 955 quae
467 887 521 939 iam
535 887 651 954 spondet
664 885 785 938 Fortuna
795 887 928 941 salutemi

78 963 141 1015 l'irli
161 964 251 1016 ocules
271 968 335 1017 auto
355 965 413 1032 ipso
432 980 506 1015 meos
524 979 568 1015 mo
586 980 651 1016 voco
669 967 809 1016 uocantem

78 1040 244 1107 Murranum,
263 1057 317 1109 quo
335 1058 388 1093 non
408 1042 519 1107 superat
537 1039 603 1091 mihi
622 1040 710 1092 uerior
728 1039 806 1106 alter,

77 1118 215 1183 Oppctere
234 1118 373 1185 ingentem
392 1121 475 1185 atquc
493 1116 598 1182 ingenti
618 1116 726 1169 vohrero
744 1116 852 1168 victum,
892 1128 928 1168 sle

77 1191 184 1245 Occidit
201 1193 302 1259 infelix,
321 1210 355 1245 ne
373 1197 495 1245 nostrum
515 1192 633 1244 dedecus
652 1191 737 1244 Ufens

79 1267 240 1334 Aspieerct;
260 1268 355 1322 Teucri
374 1268 516 1337 potiuntur
534 1283 646 1335 corpore
664 1270 693 1319 et
710 1267 800 1320 ermis.

80 1342 240 1396 Exscindine
259 1344 360 1410 domos,
379 1345 408 1397 id
426 1344 509 1397 rebus
527 1342 614 1396 defuit
632 1359 721 1410 unum,

79 1418 239 1485 Perpetiarl
258 1420 356 1473 dextra
375 1437 425 1473 nee
444 1420 558 1473 Drancis
576 1418 650 1471 dicta
667 1419 806 1472 refellam?

77 1493 164 1561 Terga
174 1493 251 1561 debe,
262 1499 291 1548 ct
301 1496 421 1549 Turnum
430 1497 580 1562 fugientem
589 1495 655 1548 hacc
665 1498 740 1548 terra
748 1494 870 1549 videbitl
891 1509 927 1548 ess

77 1568 171 1637 Usque
191 1570 295 1623 adeone
313 1571 381 1624 mori
400 1572 527 1624 miserum
551 1572 610 1624 cstl
629 1571 686 1623 Vos
703 1588 719 1624 ο
742 1571 808 1623 milri
831 1570 926 1624 Manes

77 1644 143 1697 llste
161 1644 231 1709 boui,
252 1647 378 1713 quoniam
397 1646 507 1713 Superis
526 1664 621 1700 aversa
637 1644 769 1700 voluntas.

77 1720 175 1773 Sancta
193 1720 228 1772 ud
246 1738 294 1774 vos
311 1722 408 1788 aalma,
427 1724 510 1788 atque
528 1722 606 1775 istius
624 1723 708 1776 inscia
724 1723 818 1790 eulpae

77 1795 254 1863 llcseendunr,
268 1814 427 1864 magnorum
439 1797 514 1850 haud
525 1815 655 1866 umquam
666 1797 794 1865 indignus
805 1813 926 1851 avorum.

112 1872 166 1923 Vix
179 1888 211 1924 ea
224 1872 298 1926 latus
313 1876 386 1926 crat:
399 1873 504 1926 medios
516 1875 598 1941 volat,
611 1891 681 1942 ecee,
691 1890 743 1943 per
753 1873 838 1926 hostis
890 1888 928 1928 uec

79 1947 181 2000 Vectus
199 1962 269 2015 equo
287 1952 432 2016 spumante
451 1949 538 2016 strecs,
557 1950 672 2003 adversa
688 1950 788 2018 sagitta

77 2023 189 2075 saucius
206 2040 261 2090 ora,
279 2023 390 2092 ruitque
407 2024 544 2092 inplorans
562 2025 670 2078 nomine
689 2026 823 2079 turnum:

77 2098 173 2166 lurae,
190 2099 219 2151 in
236 2103 265 2153 te
284 2117 410 2167 suprema
428 2100 514 2164 salus;
532 2101 663 2154 miserere
681 2105 796 2154 tuorum.

80 2175 215 2228 llulminat
234 2178 341 2229 Aeneas
359 2178 449 2244 armis,
468 2193 642 2245 summasque
660 2177 778 2230 minatur

80 2251 253 2305 liciceturum
271 2269 347 2305 arces
367 2253 466 2305 Italum
485 2251 661 2320 exscidioque
679 2252 822 2318 daturum
890 2268 928 2308 ets

80 2327 191 2396 lamque
209 2328 282 2381 lacos
301 2328 336 2380 ad
354 2332 429 2381 tecta
446 2328 544 2381 volant.
582 2328 615 2381 Iu
634 2331 663 2382 te
681 2344 729 2382 ora
746 2328 844 2395 Latini,

80 2403 111 2454 ln
129 2406 158 2456 te
175 2403 265 2456 oculos
283 2405 421 2468 referuut;
439 2408 542 2457 mussat
560 2421 609 2457 rex
627 2403 685 2472 ipse
704 2404 823 2469 Latinus,

78 2479 151 2541 Quos
168 2496 283 2547 generos
301 2483 385 2543 vocet
403 2485 451 2533 aut
469 2498 540 2549 quac
559 2497 618 2534 sese
636 2480 672 2533 ud
689 2480 801 2535 foedera
817 2480 918 2535 flectat.

80 2554 225 2608 l’ractcrea
242 2556 343 2622 regina,
362 2556 403 2608 tui
421 2555 558 2621 fidissima
577 2555 675 2609 dextra

78 2629 185 2683 Occidit
203 2631 263 2699 ipsa
281 2647 337 2696 sua,
356 2631 499 2699 lucemque
518 2631 652 2685 exterrita
669 2632 746 2699 fugit
889 2644 927 2684 em

78 2706 132 2758 Soli
149 2724 199 2775 pro
217 2706 303 2774 portis
321 2706 463 2774 Messapus
480 2711 509 2760 et
526 2723 589 2760 acer
608 2707 708 2760 Atinas

78 2782 238 2835 Sustentant
256 2782 348 2835 aciem.
385 2782 491 2834 Oireum
509 2782 558 2835 hos
575 2783 715 2850 utrimque
731 2781 880 2851 phalanges

78 2859 158 2911 Stant
176 2857 284 2925 donare,
302 2858 459 2926 strictisque
477 2875 554 2926 seges
572 2858 745 2912 mucronibus
762 2857 858 2912 horret

79 2933 192 2988 llerrea:
210 2941 242 2987 tu
259 2951 369 2987 currum
388 2935 498 2988 deserto
516 2936 544 2987 iu
562 2933 685 3002 gramine
702 2948 802 2987 versas

79 3009 219 3078 Obstipuit
236 3011 310 3063 varia
329 3011 455 3064 confusus
473 3010 590 3077 imagine
608 3026 700 3062 rerum
890 3022 928 3065 ω

78 3086 191 3153 Turnus,
210 3090 240 3140 et
257 3086 357 3140 obtutu
376 3088 458 3141 tacito
478 3088 570 3151 stetit;
588 3090 696 3140 aestuat
714 3085 812 3154 ingens

79 3160 140 3213 lluc
157 3160 176 3200 i*
324 3161 388 3215 udor
405 3163 545 3230 militeque
562 3161 666 3215 insanis
682 3161 759 3215 luctu
