2032 3524
104 132 133 177 98
337 127 366 176 Ρ.
385 128 539 176 VERGILI
557 129 721 180 MARONIS

104 212 194 274 Quare
211 210 292 278 agita
310 227 327 264 ο
346 212 433 278 tectis,
451 213 571 276 iuvenes,
590 211 728 266 succedite
745 214 852 269 nostris

104 286 150 338 Me
168 304 276 355 quoque
295 288 464 354 permultos
482 286 578 340 similis
597 287 706 340 fortuna
723 288 830 342 labores

105 366 237 417 laetatam
257 364 306 416 hac
325 364 435 417 demum
453 364 539 417 voluit
558 365 706 417 consistere
723 369 805 419 terra.

104 441 127 492 N
131 458 165 492 on
184 442 278 508 ignaru
296 440 360 492 mali
378 442 484 494 miseris
503 457 659 494 succurrere
677 441 758 494 disco.
920 458 958 498 ωο

104 518 147 570 Sic
165 522 312 582 memorat;
332 518 411 569 simul
431 521 544 571 Aenean
562 518 589 570 in
608 518 683 586 regia
700 518 777 571 ducit
879 538 883 543 ·

103 592 193 660 lecta,
211 594 290 646 simul
310 593 400 646 divom
419 596 528 663 templis
546 594 641 647 indicit
658 593 793 647 honorem.

104 666 160 722 Nec
179 670 268 722 minus
286 670 391 724 interea
410 671 488 724 sociis
506 671 543 723 ad
559 670 641 722 litora
658 669 744 722 mittit

104 745 210 812 uiginti
229 750 328 814 tauros,
347 764 507 836 magnorum
524 746 664 798 horrentia
681 749 790 798 centum

103 821 191 888 Terga
203 840 281 877 suum
283 825 366 892 ,ping
368 826 407 876 uis
419 827 529 876 centum
541 839 603 875 cum
614 819 748 873 matribus
759 836 849 889 agnos,
918 836 956 876 aa

104 897 218 952 Munera
237 899 424 968 laetitiamque
443 899 494 952 dei

104 976 143 1026 Λι
132 975 257 1028 tdomus
276 977 389 1029 interior
407 975 492 1042 regali
511 973 655 1042 splendida
672 949 738 1025 luxu

104 1050 164 1102 lust
154 1053 260 1119 truitur,
280 1052 433 1120 mediisque
451 1054 549 1118 parant
566 1050 686 1102 convivia
703 1049 798 1102 tectis:

104 1130 174 1179 Arte
191 1128 330 1182 laboratae
348 1133 438 1181 vestes
456 1131 585 1194 ostroque
603 1125 727 1193 superbo,

104 1203 203 1270 lugens
221 1210 364 1272 argentum
382 1204 489 1269 mensis,
508 1202 667 1269 caelataque
685 1201 713 1253 iu
731 1217 797 1253 aure
916 1215 955 1256 w

103 1279 194 1332 Fortia
212 1280 283 1332 facta
301 1284 418 1347 patrum,
438 1280 520 1331 serios
539 1278 694 1343 longissima
711 1293 803 1329 rerum

103 1354 154 1406 Per
173 1359 215 1408 tot
234 1355 317 1408 ducta
335 1357 405 1408 viros
424 1355 553 1422 antiquae
571 1352 605 1405 ab
624 1353 727 1419 origine
744 1353 841 1420 gentis

137 1432 368 1498 Aeneas-neque
387 1431 459 1483 enim
478 1429 582 1496 patrius
599 1430 748 1482 consistere
767 1431 886 1481 mentem

102 1505 200 1559 Passus
218 1506 452 1574 amor—rapidum
471 1506 508 1558 ad
525 1505 600 1557 navis
618 1505 770 1572 praemittit
790 1503 923 1569 Achaten,

102 1583 218 1636 Ascanio
236 1583 306 1635 ferat
324 1583 397 1647 hacc,
414 1583 558 1649 ipsumque
575 1581 611 1633 ad
629 1581 734 1633 moenia
751 1580 848 1648 dueat3
915 1593 953 1633 ⁰4⁵

101 1658 195 1710 Omnis
213 1660 241 1710 in
261 1659 378 1711 Ascanio
397 1658 452 1711 cari
470 1660 527 1710 stat
545 1673 609 1710 cura
627 1657 756 1725 parentis.

101 1734 215 1786 Munera
232 1737 382 1802 praeterea,
403 1733 492 1786 iliacis
510 1737 605 1801 erepta
622 1733 714 1798 ruinis,

102 1810 185 1862 Ferre
203 1810 287 1877 iubet,
306 1810 404 1878 pallam
424 1810 508 1877 signis
526 1827 646 1879 aureque
664 1809 806 1878 rigentem,

102 1887 137 1938 Et
155 1887 362 1939 circumtextum
381 1903 475 1939 crocco
493 1887 615 1941 velamen
633 1885 756 1951 acantho,

102 1963 220 2015 Ornatus
239 1964 360 2030 Argivae
380 1964 509 2031 Helenae,
527 1981 596 2031 quos
613 1963 659 2015 illa
677 1962 804 2029 Mycenis,
914 1975 953 2016 axo

102 2038 235 2104 Pergama
253 2056 313 2092 cum
332 2043 439 2106 poteret
457 2039 678 2106 inconcessosque
697 2038 874 2105 Hymenaeos

100 2114 251 2181 Extulerat,
269 2116 364 2169 matris
384 2116 475 2169 Ledae
493 2115 616 2170 mirabile
633 2115 747 2167 donum:

102 2190 248 2244 Praeterea
265 2197 410 2259 sceptrum,
430 2192 516 2244 Ilione
535 2192 608 2259 quod
625 2194 748 2258 gesserat
765 2191 836 2256 olim,

101 2267 230 2319 Maxuma
247 2271 372 2320 natarum
393 2268 501 2334 Priami,
520 2268 642 2335 colloque
660 2268 759 2320 monile

101 2343 239 2407 llacatum,
258 2347 287 2395 ot
305 2342 439 2410 duplicem
457 2343 572 2409 gemmis
589 2359 710 2411 aureque
728 2358 859 2396 coronam
914 2356 953 2398 ωε

102 2419 177 2470 llaec
196 2418 316 2470 colorans
333 2419 388 2471 iter
406 2419 442 2470 ad
460 2417 535 2470 navis
553 2418 685 2472 tendebat
705 2419 832 2472 Achates.

135 2496 175 2545 ht
194 2493 328 2560 Cytherea
347 2510 429 2546 nevas
449 2493 523 2559 artis,
541 2510 609 2545 nova
626 2498 737 2562 pectore
755 2496 846 2548 versat

101 2568 225 2631 Consilia,
242 2572 274 2621 ut
291 2568 386 2622 faciem
404 2573 525 2622 mutatus
543 2573 571 2621 ct
589 2586 636 2621 ora
655 2571 760 2637 Cupido
826 2579 831 2592 '

101 2644 154 2696 Pro
173 2643 245 2696 dulci
265 2646 382 2697 Ascanio
400 2645 498 2709 veniat,
517 2645 649 2711 donisque
668 2646 804 2700 furentem

101 2719 234 2771 incendat
252 2721 380 2787 reginam,
398 2723 481 2787 atquo
499 2720 604 2772 ossibus
623 2721 734 2788 inplicet
752 2722 856 2788 ignem3
913 2735 953 2778 ω)

101 2794 206 2862 Quippe
225 2794 335 2848 domum
353 2797 432 2849 timet
450 2795 603 2862 ambiguam
624 2796 771 2866 Tyriosque
789 2797 934 2868 bihngois3

100 2870 165 2923 Urit
182 2875 260 2924 atrox
280 2873 355 2937 luno,
374 2876 403 2925 οι
420 2871 470 2924 sub
488 2874 595 2923 nectem
615 2888 679 2925 cura
696 2877 824 2927 recursat

100 2946 172 3013 Ergo
190 2946 233 2999 his
250 2947 381 3015 aligerum
400 2947 478 3000 dictis
496 2946 606 2999 adfatur
625 2950 768 3002 Amorem:

100 3022 125 3074 N
128 3026 179 3089 ate,
197 3039 274 3076 meae
292 3023 370 3090 vires,
388 3039 449 3077 mea
465 3039 564 3090 magna
581 3027 704 3091 potentia
722 3027 801 3092 solus,

100 3097 125 3148 N
127 3100 179 3167 ate,
197 3098 282 3167 patris
300 3098 398 3152 summi
414 3099 462 3168 qui
480 3099 536 3153 tela
553 3099 673 3166 Typhoia
690 3102 795 3166 temnis,

103 3173 147 3226 ad
164 3176 194 3226 te
210 3173 334 3242 confugio
352 3178 382 3229 et
399 3175 512 3244 supplex
530 3176 578 3227 tua
595 3176 705 3228 numina
720 3191 806 3243 posce.
