2032 3524
349 121 531 171 AENEIDOS
548 122 619 171 LIB.
638 121 671 171 V.
887 126 931 174 171

85 200 234 256 Abduxere
251 204 326 255 retro
344 201 424 270 louge
443 202 534 270 capita
551 203 638 256 ardua
654 201 690 256 ab
707 203 770 265 ictu

82 278 286 346 lnmiseeutque
304 295 400 331 manus
418 279 551 344 manibus,
570 295 744 348 pugnamque
761 279 904 335 lacessam

83 354 134 408 llle
152 353 254 422 pedum
272 354 367 407 melior
385 357 469 422 motu,
488 355 629 422 fretusque
647 355 765 421 iuventa,
897 370 933 409 sio

83 431 135 484 Hie
153 429 282 484 membris
300 434 329 484 et
347 431 418 484 molo
436 432 543 497 valeus3
562 431 612 484 sed
629 431 711 485 tarda
728 434 857 487 tremonti

81 509 176 559 (lenna
194 506 296 572 labant,
314 510 405 560 vastos
424 507 515 575 quatit
532 524 614 576 aeger
632 507 767 561 anhelitus
784 512 869 563 artua

81 583 170 636 llultu
188 583 239 636 viri
257 584 422 651 nequiquam
440 583 514 637 inter
532 601 561 638 se
580 584 689 637 volnera
706 583 818 652 iactant,

81 659 170 712 Multa
187 675 253 712 cavo
271 659 351 712 lateri
369 659 539 727 ingeminant
557 664 587 714 ct
604 664 717 729 pectore
734 664 825 714 vasae

81 732 154 789 Dant
173 735 284 797 sonitus,
304 743 433 803 erratque
452 736 524 788 aruris
544 740 573 790 ct
591 739 717 804 tempora
733 736 833 791 circum
897 751 934 790 uu

81 812 184 868 Crebra
202 828 304 872 manus,
323 811 392 865 duro
411 813 547 879 crepitant
565 812 616 865 sub
634 812 744 867 volnere
762 813 855 867 inulae,

81 887 143 942 Stat
160 886 251 955 gravis
270 887 394 940 Entellus
412 889 527 954 nisuque
545 888 664 941 inmotus
681 889 785 955 eodem,

81 964 200 1032 Corpore
218 963 274 1017 tela
291 963 373 1017 modo
391 967 475 1031 atque
492 964 577 1017 oeulis
596 963 770 1030 uigilantibus
788 965 853 1019 exit.

85 1040 140 1108 llle,
158 1039 233 1092 volnt
251 1039 350 1092 celsam
368 1043 509 1108 oppugnat
527 1039 573 1107 qui
591 1039 707 1092 molibus
725 1040 828 1107 urbem,

84 1118 140 1170 dut
159 1119 289 1169 montana
307 1115 386 1170 sedet
403 1116 504 1170 circum
522 1116 635 1169 castella
653 1115 703 1167 sub
721 1116 812 1184 aruris,
896 1129 932 1169 uo

83 1192 160 1246 Nunc
177 1193 234 1259 hos,
253 1208 324 1245 nunc
341 1192 401 1245 illos
418 1193 518 1258 aditus,
536 1208 699 1258 omnemque
716 1196 840 1259 pererrat

84 1271 152 1322 Arte
170 1269 265 1334 locum,
283 1271 312 1321 et
330 1269 411 1322 variis
429 1268 584 1322 adsultibus
602 1268 700 1321 inritus
717 1272 823 1335 urguet.

80 1344 210 1398 Ostendit
229 1344 355 1398 dextram
374 1345 516 1412 insurgens
535 1343 659 1398 Entellus
677 1348 707 1398 et
724 1344 780 1399 alte

81 1416 200 1475 Extulit:
218 1421 265 1474 ille
282 1421 367 1474 ictum
384 1421 536 1473 venientem
555 1421 691 1474 avertice
709 1420 787 1474 velox

83 1497 229 1563 l‘raevidit‚
248 1497 385 1564 celerique
403 1497 511 1564 elapsus
529 1514 642 1566 corpore
659 1497 756 1551 cessit:
895 1509 931 1550 su

83 1573 204 1626 ducellus
223 1573 289 1626 viris
306 1572 334 1625 in
353 1577 464 1626 ventum
482 1574 586 1639 ciludit,
605 1578 635 1626 et
651 1572 724 1626 ultro

81 1649 144 1717 lpse
161 1649 251 1717 gravis
269 1649 446 1717 graviterque
464 1650 500 1702 ad
517 1653 620 1702 terram
638 1648 759 1716 pondero
778 1652 853 1702 vaste

80 1726 218 1780 Concidit:
236 1729 268 1779 ut
286 1725 423 1794 quondam
440 1742 506 1779 cava
523 1726 642 1779 concidit
659 1729 708 1779 aut
728 1723 876 1793 Erymanth
884 1741 901 1789 a,

81 1803 138 1855 Aut
158 1802 210 1855 Ida
226 1801 255 1854 in
273 1818 378 1868 magna,
396 1801 533 1854 radicibus
551 1806 630 1854 cruta
647 1802 733 1870 pinus.

79 1878 260 1945 Consurgunt
272 1877 370 1930 studiis
389 1878 484 1931 Teucri
502 1882 532 1930 et
550 1877 689 1930 Trinacria
707 1875 806 1944 pubes;
894 1889 931 1929 soe

81 1954 108 2008 lt
126 1954 228 2007 clamor
245 1952 327 2019 caelo,
345 1955 503 2022 primusque
521 1954 639 2006 accurrit
658 1954 781 2019 Acestes,

80 2031 314 2097 Aequaevuruquo
332 2027 368 2081 ab
385 2029 466 2083 humo
484 2030 616 2082 miserans
633 2029 736 2083 attollit
754 2029 876 2082 amicum.

80 2106 120 2158 ut
138 2121 191 2158 uon
209 2103 337 2157 tardatus
354 2120 418 2157 casu
435 2123 524 2174 neque
541 2105 655 2159 territus
673 2103 753 2156 heros

81 2181 178 2234 Acrior
196 2179 232 2233 ud
249 2196 369 2248 pugnam
386 2181 466 2248 redit,
485 2199 516 2235 ec
534 2183 589 2234 viru
607 2181 721 2235 suscitat
738 2181 786 2233 ira

79 2258 146 2310 Tum
164 2256 253 2326 pudor
270 2256 392 2310 incendit
409 2257 474 2311 viris
491 2263 520 2311 ot
538 2258 645 2311 coriscia
663 2257 756 2322 virtue,
893 2269 930 2309 loe

80 2333 316 2402 Praecipitemque
335 2332 426 2386 Daren
444 2333 544 2387 ardens
562 2334 620 2400 agit
638 2349 756 2401 aequore
774 2336 840 2396 toto,

78 2410 103 2462 N
106 2427 157 2463 uuc
174 2409 273 2463 dextra
291 2409 459 2478 ingeminans
476 2410 554 2477 ictus,
573 2427 643 2463 nuuc
661 2410 706 2463 ille
724 2410 846 2473 sinistra3

78 2486 136 2539 Nec
153 2502 236 2553 mora,
255 2503 305 2539 nce
322 2486 445 2555 requies:
465 2502 545 2553 quam
565 2487 652 2539 multa
669 2486 803 2553 grandine
820 2486 905 2540 nimbi

78 2562 246 2615 Culminibus
264 2562 409 2631 crepitant,
427 2561 466 2615 sic
484 2560 576 2614 densis
593 2562 693 2615 ictibus
711 2562 791 2616 heros

78 2637 181 2692 Creber
199 2641 316 2706 utroquo
333 2655 417 2691 manu
433 2638 526 2706 pulsat
544 2641 690 2706 versatque
709 2637 819 2691 Dareta
894 2648 929 2688 eoo

78 2713 146 2766 Tum
163 2717 244 2781 pater
262 2716 370 2767 Aeneas
388 2713 538 2783 procedere
556 2713 661 2781 lougius
678 2715 734 2767 iras

78 2787 114 2842 Et
132 2789 237 2842 saeuire
254 2789 352 2842 animis
371 2790 509 2843 Entellum
527 2789 601 2842 haud
619 2806 714 2858 pessus
731 2788 851 2852 acerbis;

78 2864 134 2918 Sed
151 2865 234 2918 finem
252 2863 372 2931 inposuit
388 2881 503 2934 pugnae,
521 2865 678 2933 fessumque
696 2865 800 2918 Dareta

78 2939 193 3009 Eripuit,
212 2938 334 2993 mulcens
351 2939 441 3008 dictis,
458 2957 490 2994 ac
506 2941 575 2995 talia
591 2941 678 2995 futur:

78 3017 184 3083 Infelix,
204 3032 275 3085 quae
292 3019 373 3071 tants
388 3016 509 3070 animum
527 3015 667 3071 dementia
682 3012 773 3083 ospiti
891 3022 929 3067 u

77 3094 102 3146 N
104 3111 139 3147 on
157 3093 223 3148 viris
240 3091 308 3148 alias
324 3108 508 3162 conversoque
524 3092 638 3147 numine
653 3088 756 3145 mutini

77 3169 228 3288 (ledelqloo.
264 3168 399 3241 Dixitque
414 3171 446 3225 et
461 3166 567 3239 proelis
582 3182 649 3223 uoce
665 3162 786 3221 druna
870 3212 875 3221 .
