2032 3524
104 130 136 179 72
332 126 361 175 P.
380 124 534 173 VERGILI
551 123 719 172 MARONIS

104 209 264 274 Admonuit,
282 210 342 259 tum
360 209 434 258 tecta
451 206 557 272 petunt,
575 208 635 258 tum
652 220 768 274 corpora
783 211 899 271 curant3

103 283 149 337 Fit
167 285 277 350 sonitus,
294 286 471 349 mussantque
489 296 552 333 orus
569 283 598 334 et
615 280 709 335 limina
725 282 834 337 circum

103 359 175 423 Post,
194 358 241 411 ubi
258 359 312 411 iam
330 357 457 410 thalamis
476 374 505 409 oe
522 372 697 426 conposuere,
716 357 813 411 siletur

103 435 136 488 In
156 439 269 501 noctem,
287 434 427 500 fessisque
445 448 525 501 sopor
543 449 608 485 suus
626 438 741 501 occupat
757 436 841 489 artus
919 448 959 489 ιω

102 511 160 564 Nec
177 526 241 563 rere
259 508 408 563 estabelis
426 507 517 576 pluria
534 508 701 575 inpendente
719 508 852 563 recedunt

102 585 227 653 Longius,
245 590 293 638 aut
311 583 427 638 credunt
445 584 519 637 eaelo
538 583 750 638 adventantibus
769 586 864 643 sumt

101 661 156 714 Sed
172 662 273 714 circum
292 663 368 713 tutae
386 659 437 712 sub
456 659 597 712 moenibus
615 660 691 713 urbis
708 665 852 729 aquantur,

101 737 293 805 Excursusque
310 735 400 788 brcris
418 739 563 803 temptant,
582 740 612 789 et
629 752 710 804 saepe
728 736 842 804 lapillos,

100 812 140 865 Ut
157 812 268 880 cymbae
286 810 425 864 instabiles
443 811 528 864 fluctu
545 812 664 865 iactante
681 811 830 877 saburram,
919 829 954 869 ite

100 888 224 949 Tollunt;
242 888 283 940 his
302 904 361 940 sese
379 903 429 955 per
445 888 537 940 inania
554 887 647 940 nubila
665 887 776 945 librant.

100 964 182 1017 Illum
200 964 269 1017 adeo
287 963 420 1032 placuisse
437 963 533 1030 apibus
550 963 686 1016 mirabere
702 980 814 1032 merem,

100 1039 179 1103 Quod
197 1057 285 1108 neque
303 1038 448 1092 concubitu
465 1038 616 1106 indulgent,
634 1054 685 1092 nec
701 1056 814 1108 corpora
831 1056 931 1107 segnes

100 1115 132 1167 ln
153 1117 287 1169 Venerem
307 1115 423 1180 solvunt,
442 1118 491 1168 aut
508 1115 581 1168 fetus
598 1114 707 1168 nixibus
724 1115 818 1183 edunt,

100 1191 202 1244 Verum
221 1193 297 1260 ipsae
315 1208 331 1243 e
349 1191 419 1243 foliis
437 1194 516 1243 natos
533 1195 563 1244 ct
581 1190 708 1245 suavibus
725 1190 818 1245 herbis
917 1208 954 1247 see

99 1269 153 1321 (ire
171 1270 275 1335 legunt,
294 1268 370 1336 ipsae
387 1283 482 1333 regem
500 1283 654 1335 parvosque
674 1267 794 1331 Quirites

98 1344 246 1408 Sufficiunt,
265 1343 395 1410 aulasque
414 1346 443 1395 et
461 1358 540 1395 cerea
557 1359 643 1409 regna
661 1343 806 1411 refingunt

98 1419 184 1487 Saepe
202 1419 286 1470 etiam
305 1418 382 1472 duris
400 1417 517 1471 errando
535 1419 563 1471 in
581 1418 688 1471 cotibus
705 1419 763 1473 alus

99 1496 248 1560 Attrirere,
266 1495 395 1562 ultroque
413 1494 529 1546 animam
549 1494 600 1546 sub
618 1494 691 1547 fasce
710 1494 821 1549 dedere.

97 1570 200 1623 Tacitus
219 1586 294 1622 amor
312 1570 408 1622 florum
426 1575 455 1622 et
472 1569 621 1638 generandi
639 1569 725 1636 gloria
741 1569 838 1625 meilis
914 1586 953 1627 see

97 1647 168 1714 Ergo
187 1647 259 1714 ipsas
278 1647 401 1712 quamvis
420 1646 528 1713 augusti
547 1647 679 1699 terminus
696 1646 756 1700 aeri

97 1723 346 1791 Excipiet-neque
364 1723 435 1775 enim
453 1722 516 1790 plus
535 1726 660 1789 septuma
678 1721 789 1775 ducitur
806 1726 936 1777 aestas-

96 1801 136 1850 dt
153 1816 239 1865 genus
258 1799 401 1851 inmortale
420 1801 519 1864 manet,
537 1797 693 1865 multosque
710 1814 761 1864 per
778 1812 863 1851 annes
1007 1796 1014 1807 '

96 1874 157 1926 Stat
177 1875 299 1928 Fortuna
317 1874 420 1941 domus,
440 1877 469 1926 et
487 1873 530 1925 nii
548 1876 727 1926 numerentur
744 1888 863 1926 ererum.

96 1951 244 2003 Praeterea
261 1967 354 2016 regem
371 1967 425 2002 non
443 1950 481 2002 sic
500 1950 640 2016 Aegyptos
658 1951 687 2002 et
703 1950 800 2016 ingens
913 1964 952 2005 ne

96 2026 187 2093 Lydia,
206 2043 256 2079 nec
273 2027 364 2094 populi
385 2026 548 2078 Parthorum
566 2030 614 2077 aut
632 2024 731 2077 Medus
752 2024 897 2095 Hydaspes

95 2101 254 2155 Olncrrunt.
293 2103 369 2170 Rege
387 2101 513 2154 incolumi
532 2118 608 2153 mens
627 2100 752 2153 omnibus
769 2116 824 2154 una
839 2104 899 2168 esim

96 2179 205 2231 Annisse
223 2196 322 2247 rupere
340 2180 431 2245 fidem,
449 2181 659 2244 constructaque
678 2177 757 2230 mella

94 2254 238 2322 Diripuere
256 2256 332 2324 ipsae
351 2258 380 2307 et
398 2255 480 2306 cratis
499 2253 604 2305 solvere
622 2249 760 2317 favorum3
983 2306 986 2313 ,

97 2331 145 2383 llle
164 2349 274 2399 operum
293 2335 390 2393 custos,
410 2329 485 2381 illum
504 2329 842 2395 admirantur‚eten1nes
912 2346 950 2387 sis

94 2406 277 2460 Circumstant
295 2407 407 2458 fremitu
426 2405 509 2457 denso
528 2405 686 2473 stipantque
703 2406 873 2473 frequentes,

97 2483 130 2534 dt
149 2500 229 2550 saepe
248 2481 378 2535 attollunt
396 2482 524 2546 humeris,
544 2488 573 2534 et
591 2498 705 2549 corpora
722 2481 794 2535 bello

94 2558 239 2610 (lbiectant
257 2557 454 2625 pulchramque
472 2561 571 2624 petunt
589 2574 639 2625 per
656 2557 767 2610 volnera
785 2562 911 2613 mertem.

131 2634 180 2686 llis
199 2633 309 2701 quidam
330 2633 413 2700 signis
431 2638 515 2701 atque
533 2634 599 2686 hacc
617 2634 742 2701 exempla
760 2634 846 2688 secuti

93 2709 160 2761 Esse
178 2708 274 2777 apibus
293 2714 398 2776 partem
419 2710 526 2762 divinae
544 2710 643 2762 mentis
662 2713 691 2762 ct
709 2710 823 2764 haustus
910 2724 949 2764 m

94 2787 241 2838 Aetherios
260 2786 369 2851 dixere;
387 2787 470 2839 deum
488 2802 605 2854 namque
623 2787 663 2839 ire
681 2804 731 2855 per
749 2786 837 2839 omnis

93 2860 244 2930 'serrasque
262 2865 422 2931 tractusque
440 2863 523 2915 maris
542 2863 701 2931 caelumque
718 2861 900 2931 profrmdum;

94 2937 165 2990 Ilinc
183 2937 308 3006 pecudes,
328 2944 457 3004 armento,
476 2939 555 3005 viros,
573 2955 659 3005 genus
677 2955 756 2991 omne
775 2939 902 3001 ferarum,

93 3012 234 3081 Quernquc
252 3015 303 3067 sibi
322 3017 411 3069 tenuis
429 3016 586 3068 nascentem
605 3031 741 3066 arcessere
759 3013 846 3078 rites;

93 3088 200 3141 Scilicet
217 3090 269 3142 huc
287 3092 367 3145 reddi
387 3090 486 3143 deinde
504 3105 535 3139 ac
552 3089 672 3141 resoluta
690 3088 786 3142 referri
909 3098 948 3141 n

92 3165 195 3218 (imma.
215 3182 265 3218 nce
282 3168 363 3220 morti
382 3181 442 3220 esse
461 3165 556 3230 lecum,
575 3164 624 3218 sed
642 3165 703 3219 vira
720 3165 812 3218 velare
