2032 3524
78 84 109 131 ‘28
315 81 345 129 P.
367 80 518 128 VERGILI
535 80 701 128 MARONIS

79 163 235 216 Deficerent
252 161 335 214 silvae
353 165 383 214 ot
400 162 500 214 vietum
520 161 633 214 Dodona
650 164 771 230 negaret

79 241 143 293 Mox
162 242 191 291 et
208 237 353 290 frumentis
370 237 447 290 labor
465 237 581 304 additus,
599 243 631 292 ut
649 238 720 292 nrala
737 239 841 294 culmos
899 255 939 297 uo

79 317 158 369 Esset
175 314 269 381 robigo
288 313 432 382 segnisque
450 314 576 368 horreret
592 316 620 368 in
638 317 709 368 arvis

78 394 216 456 Carduus;
233 391 374 444 intereunt
394 395 508 459 segetes,
528 393 601 446 subit
620 410 716 461 aspera
734 394 808 459 silva,

78 472 240 539 Lappaeque
259 467 413 536 triboliquo,
433 469 560 538 interque
580 471 694 522 nitentia
711 470 784 524 culta

78 548 176 601 Infelix
195 545 286 599 lolium
306 549 334 600 et
353 545 459 599 steriles
479 546 652 599 dominantur
670 563 778 600 avenae.

78 624 157 688 Quod
174 623 225 676 nisi
244 625 274 676 et
291 623 413 675 adsiduis
432 622 544 676 herbam
563 623 733 676 insectabere
750 625 854 690 rastris,
901 640 942 679 res

78 701 114 754 Et
130 699 219 751 sonitu
239 698 355 753 terrebis
374 716 444 766 aves,
463 703 492 752 et
509 700 579 754 ruris
597 698 673 768 opaci

79 777 159 829 Falce
176 792 284 844 premes
304 775 437 843 umbram,
456 776 580 845 votisque
600 775 737 829 vocaveris
754 769 876 844 imbrem,

80 853 149 920 Heu,
167 869 295 920 magnum
314 851 426 904 alterius
444 852 547 905 frustra
567 850 704 920 spectabis
721 867 855 918 acervum,

78 930 269 996 Concussaque
287 928 387 982 famem
405 929 432 981 in
451 929 525 981 silvis
544 928 668 982 solabere
686 944 794 997 quercu

113 1004 264 1058 Dicendum
283 1009 320 1072 et,
339 1021 408 1072 quae
426 1006 480 1058 sint
499 1004 573 1057 duris
593 1004 746 1072 agrestibus
763 1021 846 1072 arma,
902 1019 943 1058 ιο)

79 1081 143 1144 Quis
161 1083 218 1135 sine
237 1098 288 1136 nee
304 1086 420 1151 potuere
438 1082 491 1135 seri
510 1097 561 1134 nce
579 1097 692 1147 surgere
709 1098 826 1136 messes:

79 1156 173 1210 Vernis
195 1160 225 1212 et
241 1159 333 1212 inflexi
351 1159 468 1227 primum
486 1173 569 1225 grave
589 1157 672 1210 robur
690 1159 782 1226 aratri,

79 1233 222 1302 Tardaque
243 1234 387 1287 Eleusinae
406 1234 502 1287 matris
520 1233 658 1287 volventia
676 1234 805 1303 plaustra,

79 1310 250 1378 l'rilrulaque,
271 1310 446 1377 traheaeque,
466 1313 494 1362 et
512 1310 605 1378 iniquo
624 1311 746 1377 pondere
763 1310 860 1376 rastri;

81 1386 180 1453 Virgea
198 1390 343 1455 praeterea
363 1386 436 1440 Celei
456 1386 568 1453 vilisque
587 1386 717 1454 supellex,
903 1401 943 1443 ιω

80 1462 220 1515 Arbuteae
239 1467 328 1516 crates
346 1465 376 1515 ot
393 1463 506 1530 mystica
525 1478 627 1515 vannus
646 1462 743 1516 iacchi.

81 1539 177 1591 Ornnia
196 1555 265 1607 quae
284 1538 369 1591 multe
388 1542 452 1592 ante
471 1554 575 1591 memor
593 1539 702 1606 provisa
719 1553 841 1605 repones,

81 1615 108 1666 Si
127 1618 155 1667 te
174 1615 256 1682 digna
276 1618 367 1668 manet
386 1615 469 1668 divini
487 1615 573 1682 gloria
590 1616 667 1668 ruris.

81 1691 214 1743 Continuo
233 1692 261 1743 in
279 1692 352 1746 silvis
371 1709 470 1759 magra
488 1691 514 1744 vi
533 1691 603 1746 flexa
624 1692 752 1744 domatur

82 1767 114 1818 ln
133 1766 222 1820 burim
242 1772 270 1822 et
288 1769 362 1820 curvi
380 1769 494 1822 formam
515 1770 611 1836 accipit
629 1769 718 1821 ulrnus
736 1767 827 1822 aratri.
906 1780 947 1823 rto

83 1842 152 1895 lluie
169 1843 204 1894 ab
223 1844 308 1911 stirpe
327 1845 411 1912 pedes
431 1849 504 1898 terno
523 1849 669 1914 protentus
687 1844 714 1897 in
732 1848 801 1911 octe,

83 1917 164 1971 Binae
183 1936 270 1986 eures,
291 1919 390 1988 duplici
409 1925 540 1989 aptantur
560 1922 679 1976 dentalia
697 1910 785 1975 dorsi).
837 1973 839 1977 ,

81 1995 211 2046 Caeditur
231 1999 259 2048 et
277 1996 336 2049 tilia
356 2001 420 2050 ante
439 1998 502 2066 ingo
521 1999 594 2066 levis,
615 1999 725 2068 altaque
743 2000 820 2066 sagus

80 2071 217 2139 Stivaque,
236 2089 306 2139 quae
325 2088 418 2126 cursus
437 2092 453 2127 a
472 2079 550 2142 tergo
571 2079 700 2144 torqueat
717 2076 801 2140 imos;
874 2085 878 2092 '

80 2146 115 2198 llt
134 2163 264 2216 suspensa
283 2149 349 2202 fecis
369 2151 494 2218 explorat
514 2151 611 2203 robora
629 2153 725 2203 fumus.
841 2200 851 2213 ,
907 2165 947 2208 lta

115 2223 226 2276 Possum
246 2225 332 2278 nrulta
350 2226 399 2278 tibi
420 2229 543 2277 veterum
563 2229 709 2293 praecepta
727 2229 838 2290 referre,

80 2299 115 2350 Ni
134 2299 235 2367 refugis
255 2302 398 2368 tenirisque
419 2301 495 2367 piget
515 2317 676 2366 cognoscere
694 2315 779 2351 curas.

82 2377 155 2427 Arca
173 2394 235 2429 curn
254 2377 348 2445 prinris
368 2376 471 2443 ingenti
490 2376 635 2443 aequanda
654 2374 773 2442 cylindro

82 2452 117 2504 llt
136 2453 268 2505 vertenda
287 2471 367 2506 manu
387 2456 416 2506 et
435 2455 512 2506 oreta
531 2452 672 2504 solidanda
689 2451 785 2507 tenaci.

81 2528 105 2580 N
108 2546 123 2580 e
142 2529 256 2582 subeant
276 2529 385 2594 herbae,
406 2545 459 2582 neu
477 2528 589 2596 pulvere
609 2528 680 2581 ricta
698 2527 811 2593 fatiscat,
908 2547 947 2588 rso

81 2604 148 2657 'luni
167 2607 255 2658 variae
275 2605 401 2658 inludant
419 2608 525 2673 postes:
546 2621 628 2673 saepe
646 2606 759 2672 exiguus
777 2623 836 2658 nnis

82 2680 136 2732 Sul)
154 2683 236 2734 terris
254 2683 400 2750 posuitque
421 2682 516 2736 dornos
535 2684 619 2749 atque
637 2681 735 2734 horrea
752 2682 832 2745 feeit3

83 2760 141 2809 Aut
159 2757 241 2810 oculis
261 2759 334 2825 capti
353 2759 448 2812 fodere
466 2758 564 2812 cubilia
583 2756 692 2825 talpae;

83 2835 266 2902 Inventusque
287 2836 357 2888 caris
378 2834 449 2903 bufo,
470 2839 499 2889 et
517 2851 586 2904 quae
605 2833 723 2902 plurima
741 2843 831 2890 terrae
907 2851 945 2892 1⁸4

82 2909 206 2962 Monstra
224 2912 333 2978 ferunt3
351 2912 519 2980 populatque
536 2911 676 2978 ingentem
695 2912 773 2965 turis
792 2928 917 2966 acervum

84 2986 214 3053 Curculio,
236 2994 320 3057 atquo
338 2989 410 3057 inopi
429 2994 553 3042 metuens
572 2988 686 3041 sounica
705 2994 837 3043 senectae.

84 3061 291 3129 Contemplator
308 3066 382 3142 item,
400 3082 460 3119 cum
479 3082 508 3118 se
525 3082 581 3119 nux
599 3066 716 3134 plurima
737 3066 809 3119 silvis

87 3136 186 3191 lnduet
204 3138 232 3192 in
250 3139 344 3195 florem
363 3144 393 3195 et
410 3157 500 3196 ramos
517 3141 641 3197 curvabit
660 3143 770 3198 olentis:
