2032 3524
79 82 108 126 40
311 78 340 127 P.
360 79 512 128 VERGILI
530 80 696 128 MARONIS

79 160 244 227 Chaoniique
262 158 347 225 patris
364 160 492 226 glandes;
509 160 591 213 etiam
608 162 695 215 ardna
711 163 802 229 palma

78 237 213 301 Nascitur,
232 238 261 287 et
278 251 356 287 casus
374 235 448 289 abies
465 237 556 288 visura
572 238 696 291 uterinos.

79 312 212 364 Inseritur
230 327 294 363 rere
312 314 341 363 et
357 311 416 364 fetu
433 312 509 364 nucis
526 312 641 366 arbutus
658 314 776 381 horrida,

78 389 115 441 Et
133 387 238 440 steriles
256 387 357 456 platani
374 389 459 441 malos
476 405 585 456 gessere
603 391 730 456 valentis3
905 407 933 450 to

78 466 228 518 Castaneae
247 465 331 532 fagus,
351 482 486 533 ornusque
505 466 624 520 incanuit
642 467 704 520 albo

78 544 158 597 Flore
176 544 235 611 piri,
254 542 436 610 glandemque
455 558 517 595 sues
534 543 641 610 fregere
659 543 711 596 sub
728 543 814 596 ulmis.

114 622 169 674 Noe
188 619 284 672 modus
302 620 421 671 inserere
440 623 522 685 atque
540 619 630 672 oculos
648 620 777 688 inponere
794 619 917 688 simplex.

77 699 155 762 Nam,
173 713 227 765 qua
243 712 273 748 se
291 694 380 747 modio
397 693 513 747 trudunt
532 695 567 747 de
584 697 683 750 cortice
700 712 824 762 gemmae

78 774 114 827 Et
131 773 221 826 tenuis
239 774 369 839 rumpunt
387 771 499 836 tunicas,
519 776 650 838 angustus
667 773 694 824 iu
712 773 771 839 ipso
907 786 932 824 rs

78 851 123 903 Fit
141 849 213 902 nudo
232 849 319 901 siuns:
338 846 391 899 hue
409 846 496 899 ebena
515 864 549 900 ex
567 846 665 900 arbore
681 863 795 916 germen

79 926 232 990 includunt,
252 922 361 992 udoque
380 922 479 975 docent
497 922 644 976 inolescere
661 923 738 976 libro.

78 1006 135 1054 llnt
153 1019 260 1054 rursum
280 998 380 1052 euodes
399 999 487 1051 trrmci
505 1004 671 1067 resecantur,
688 1004 717 1053 et
734 1000 789 1052 alte

78 1079 202 1131 Fimlitur
219 1079 248 1130 in
267 1075 381 1129 sohdum
400 1075 492 1128 ormeis
511 1076 560 1142 ria,
579 1075 678 1128 deindo
696 1076 797 1130 sources

79 1156 190 1208 Plantae
203 1155 391 1207 inmittuutur:
411 1168 460 1204 nec
473 1151 581 1218 longum
593 1156 709 1220 tempus
722 1157 751 1204 et
762 1152 858 1218 ingens
906 1166 932 1205 aa

79 1231 150 1284 Exiit
168 1232 202 1284 ad
220 1231 324 1282 caelum
342 1229 425 1280 ramis
442 1227 564 1280 feheibns
581 1228 669 1295 arboe,

79 1307 248 1374 Miraturque
267 1321 348 1357 novas
367 1303 476 1356 frondes
495 1308 523 1355 et
542 1320 594 1356 non
613 1322 661 1357 sua
678 1321 764 1373 poma

115 1384 259 1436 Praeterea
276 1397 362 1448 genus
381 1379 455 1431 hand
474 1397 564 1447 unum,
582 1399 632 1434 noc
649 1381 765 1433 fortibus
782 1380 870 1447 ulmis,

78 1460 135 1511 Noc
154 1459 226 1511 salici
245 1457 363 1523 lotoque,
382 1473 469 1524 neque
490 1456 581 1510 Idaeis
600 1457 757 1526 cyparissis3

79 1535 135 1588 Nec
153 1536 266 1602 pingues
284 1549 365 1584 uuam
384 1532 411 1583 in
429 1532 524 1586 faeiem
542 1538 690 1586 nascuntur
708 1532 799 1597 olivae,
907 1545 934 1584 so

80 1611 224 1676 (lichudes,
243 1613 272 1662 et
290 1609 366 1675 radii,
386 1613 414 1662 et
432 1626 524 1663 amara
542 1612 636 1679 pausia
654 1608 727 1675 baca,

80 1683 215 1756 Pomaque
234 1690 263 1739 et
283 1687 387 1739 Alcinoi
407 1687 503 1752 silvae;
521 1704 572 1740 noc
590 1687 712 1740 surculus
729 1685 802 1738 idem

80 1764 240 1816 Onrstnmiis
259 1763 395 1832 Syriisque
413 1764 478 1830 piris
497 1764 677 1832 gravibusque
696 1762 813 1815 volemis

80 1840 139 1892 Non
158 1841 253 1893 eadem
272 1840 415 1892 arboribus
432 1841 535 1908 pendet
554 1842 688 1894 vindemia
706 1838 812 1904 nostris,

80 1917 165 1978 Quam
185 1916 377 1983 Methymnaeo
396 1918 483 1984 carpit
502 1917 536 1970 de
554 1919 666 1986 palmite
686 1917 803 1979 Losbos;
909 1924 937 1966 ω

80 1992 148 2046 Sunt
166 1994 279 2046 Thasiae
297 1995 373 2060 vitos,
393 1999 457 2048 sunt
475 1999 504 2048 et
524 1996 690 2050 Mareotides
708 1993 792 2058 albae,

80 2069 228 2137 Pingnibus
246 2071 297 2124 hae
315 2073 397 2125 terris
414 2072 526 2140 habiles,
545 2073 689 2127 levioribus
707 2071 783 2133 illae;

80 2147 115 2198 nt
133 2165 211 2216 passo
232 2147 336 2201 Psithia
352 2149 452 2214 utilior,
471 2153 614 2216 tenuisque
635 2150 746 2214 Lageos

80 2224 255 2293 Temptatura
273 2225 357 2292 pedes
375 2225 438 2276 olim
457 2225 633 2290 vincturaque
650 2224 784 2287 lingnam3

81 2299 243 2368 Purpureae,
261 2299 438 2367 precisoque
457 2305 557 2365 etque
576 2303 605 2350 to
623 2296 741 2350 carmine
760 2293 854 2358 dicam,
911 2310 939 2352 u

81 2376 228 2430 Rhaetica?
246 2391 295 2427 nec
313 2373 388 2426 cellis
406 2373 467 2424 ideo
486 2373 620 2426 contende
640 2371 768 2424 Falernis.

80 2452 149 2504 Sunt
167 2455 195 2504 et
215 2449 362 2503 Aminaeao
381 2449 457 2514 vites,
476 2449 628 2501 firmissima
645 2448 712 2514 vina,

80 2528 198 2580 Tmolius
216 2524 339 2592 adsurgit
358 2525 456 2591 quibus
474 2528 503 2578 et
521 2542 569 2578 rex
587 2526 645 2594 ipso
665 2524 820 2590 Phanaeus3

82 2603 239 2668 Argitisque
257 2601 350 2659 minor.
369 2601 411 2653 cui
429 2618 482 2654 non
502 2602 647 2654 certaverit
665 2601 718 2654 ulla

85 2681 139 2730 hut
158 2680 264 2729 tantum
282 2676 367 2729 fluere
385 2683 433 2731 aut
451 2679 566 2732 totidem
586 2677 684 2731 durare
702 2695 751 2745 per
770 2694 860 2731 annos.
900 2695 940 2736 loo

81 2755 105 2806 N
109 2771 142 2805 on
161 2769 211 2819 ego
229 2756 265 2820 te,
284 2754 333 2806 Dis
351 2761 380 2808 et
398 2756 497 2809 mensis
514 2759 625 2822 accepta
643 2755 773 2818 secundis,

82 2829 252 2895 Transiorim,
272 2830 386 2897 Rhodia,
405 2837 434 2887 et
451 2831 569 2898 tumidis
590 2831 729 2899 Bumaste,
750 2833 867 2885 racemis.

82 2905 137 2958 Sed
149 2922 244 2974 nequo,
257 2924 338 2975 quarn
350 2909 452 2962 multae
465 2909 574 2978 speeies
588 2926 644 2975 noc,
657 2910 765 2965 nemina
777 2924 846 2974 quae
859 2909 924 2980 sint,

83 2980 133 3033 nst
150 2999 292 3049 numerum
311 3002 399 3052 neque
417 2986 488 3038 enim
505 3001 618 3037 numero
634 2983 819 3053 conprendere
835 2984 939 3057 refert;

84 3055 171 3119 Quom
189 3059 235 3124 qui
254 3061 323 3113 scire
340 3061 412 3125 velit,
432 3060 524 3129 Libyci
542 3060 607 3114 velit
625 3061 749 3129 aequoris
766 3059 840 3112 idem
900 3079 940 3120 ias

84 3131 194 3187 Discere
212 3151 293 3203 quam
311 3136 414 3190 multae
432 3137 554 3206 Zephyro
571 3137 719 3193 turbentur
735 3151 842 3199 arenae,
