2032 3524
84 115 115 159 64
318 114 346 161 P.
368 115 519 162 VERGILI
536 116 698 163 MARONIS

85 191 295 261 Extremarnque
313 195 398 260 sequi,
416 199 465 248 aut
482 196 573 248 modio
590 197 770 264 procumbere
787 212 881 265 campo

85 267 252 334 Pascentem,
271 273 299 323 ct
317 287 394 324 serae
412 272 496 325 solam
515 271 650 325 decedere
668 273 740 326 noet'

84 343 218 397 Continuo
236 345 343 414 culpam
361 347 433 400 ferre
452 364 598 416 compesce,
616 348 693 416 prius
711 365 793 418 quam

83 418 151 472 Dira
168 438 217 489 per
234 423 372 475 incautum
390 427 502 490 serpant
519 424 645 491 contagia
663 424 763 492 volgus.

83 494 108 549 N
111 513 145 548 on
157 501 211 550 tam
225 497 321 550 ercber
332 514 417 565 agera
430 498 548 552 hiemem
560 500 616 553 ruit
628 517 747 568 aequore
759 503 849 567 turbe,
895 517 931 559 tre

83 571 170 635 Quam
189 573 289 626 multae
307 573 443 641 pecudum
461 579 561 641 pestes.
599 576 657 629 Nec
675 575 782 643 singula
799 576 888 631 morbi

83 647 203 715 Corpora
220 649 379 717 corripiunt,
397 649 447 702 sed
464 653 524 703 tota
541 651 645 704 aestiva
662 658 784 719 repente,

83 723 219 792 Spemque
245 741 413 793 gregemque
439 725 526 790 simul,
554 731 733 794 cunctamque
763 727 797 780 ab
828 729 933 794 origine

149 805 267 866 gentem.

82 875 149 928 Turn
168 877 243 943 sciat,
262 878 350 932 acrias
369 878 455 946 Alpes
473 881 502 932 et
520 878 620 931 Norica
638 879 661 931 si
680 879 740 948 quis

83 951 201 1005 Castella
219 954 246 1006 in
264 954 377 1008 tumulis
395 958 423 1007 et
442 954 553 1022 Iapydis
571 971 636 1008 arva
654 955 757 1007 Timavi
895 971 932 1010 ω

82 1027 107 1079 N
110 1045 161 1080 unc
179 1046 287 1097 quoquo
305 1037 368 1099 post
385 1034 462 1083 tante
480 1029 573 1083 videat
591 1030 754 1099 desertaque
773 1047 858 1096 regna

82 1103 226 1158 Pastorum
245 1110 275 1159 ct
291 1107 371 1175 longe
389 1106 474 1160 saltus
492 1106 602 1174 lateque
620 1107 748 1162 vacantis.

117 1180 170 1233 llic
188 1182 324 1248 quondam
343 1183 438 1235 morbo
456 1183 523 1235 caeli
542 1182 697 1235 miseranda
714 1185 809 1234 coorta
826 1185 869 1236 cst

81 1256 241 1326 Tempestas
259 1263 372 1326 totoque
391 1258 514 1311 autumni
532 1257 674 1310 incanduit
692 1262 778 1324 aestu,

81 1331 117 1385 Et
129 1351 214 1400 genus
226 1350 305 1386 omne
319 1335 377 1386 ncei
389 1333 523 1400 pecudum
536 1333 623 1399 dedit,
637 1349 716 1385 omno
728 1333 855 1398 ferarum,
893 1350 930 1390 ee)

81 1408 264 1477 Corrupitque
282 1409 364 1475 lacus,
383 1409 477 1461 infecit
496 1407 595 1475 pabula
613 1408 684 1461 tabo.

81 1484 139 1537 Nee
157 1486 200 1537 via
218 1485 314 1538 mortis
331 1490 392 1538 crat
409 1484 539 1552 simplex3
557 1483 606 1536 scd
624 1483 671 1535 ubi
690 1484 769 1551 ignea
787 1487 861 1540 renis

80 1558 212 1612 Omnibus
231 1565 291 1614 aeta
308 1561 368 1613 sitis
387 1560 499 1612 miseros
511 1559 671 1613 adduxerat
689 1565 772 1625 artus,

80 1636 186 1689 ltursus
204 1635 361 1689 abundabat
381 1635 479 1688 liuidus
498 1636 588 1703 liquor
606 1637 750 1704 omniaque
768 1637 796 1689 in
815 1654 844 1690 se

80 1712 149 1761 (issa
167 1712 322 1765 minutatim
340 1711 434 1764 morbo
453 1711 579 1778 conlapsa
596 1709 731 1764 trahebat.
894 1727 931 1767 tea

79 1789 168 1855 Saepe
185 1787 211 1839 in
231 1787 331 1840 honoro
349 1787 430 1840 deum
449 1786 539 1839 medio
558 1791 633 1839 stans
651 1786 740 1840 hostia
757 1789 793 1839 ad
811 1805 893 1853 aram,

80 1862 171 1917 Lance
190 1864 254 1916 dum
273 1863 352 1916 nivea
369 1862 554 1916 circumdatur
572 1862 657 1915 infula
675 1862 768 1924 vitta,

80 1937 158 1992 Inter
176 1939 327 1992 cunctantis
344 1938 444 1992 cocidit
462 1937 625 2009 moribunda
642 1938 788 1992 ministros.

80 2017 139 2068 hut
158 2016 180 2068 si
199 2032 280 2083 quam
299 2015 371 2068 ferro
389 2018 556 2068 mactaverat
574 2019 637 2068 aute
656 2014 791 2080 sacerdos,

80 2091 150 2144 Inde
168 2109 257 2160 neque
275 2091 400 2161 inpositis
417 2090 517 2144 ardent
535 2090 630 2144 altaria
648 2091 731 2158 fibris,
893 2105 929 2146 see

79 2167 104 2219 N
107 2184 137 2221 ec
155 2185 283 2236 responsa
300 2171 392 2236 potest
410 2167 547 2221 consultus
566 2167 784 2234 reddcrcaatcs,

79 2243 122 2296 Ac
140 2245 184 2297 rix
203 2244 335 2313 suppositi
355 2244 517 2311 tinguuntur
535 2243 665 2309 sanguine
683 2243 763 2294 cultri

80 2320 244 2389 Summaque
262 2320 352 2373 ieiuna
370 2320 444 2372 sanie
463 2318 613 2370 infuscatur
631 2334 719 2370 arena.

80 2395 152 2449 Hinc
170 2396 249 2450 lactis
268 2395 345 2449 vituli
365 2395 442 2461 volgo
460 2393 613 2446 moriuntur
631 2393 658 2445 in
678 2393 777 2462 herbis,

79 2472 116 2525 Ilt
134 2471 220 2525 dulcis
238 2471 341 2524 animas
359 2470 440 2536 plena
458 2468 494 2522 ad
512 2469 652 2537 praesepia
671 2469 807 2536 reddunt;
893 2487 928 2526 ses

80 2548 150 2601 Ilinc
168 2546 279 2601 canibus
297 2546 404 2599 blandis
422 2544 511 2598 rabies
529 2545 611 2612 venit,
629 2548 658 2599 et
676 2546 766 2613 quatit
783 2563 880 2614 aegros

79 2624 170 2676 Tussis
189 2621 285 2676 anhela
303 2638 365 2674 sues
384 2637 415 2674 ac
432 2620 555 2674 faucibus
573 2620 650 2687 angit
668 2620 766 2674 obesis.
932 2621 936 2632 '

79 2700 194 2753 Labitur
211 2697 304 2751 infelix
323 2697 476 2750 studiorum
495 2701 579 2766 atque
596 2697 729 2749 inmemor
747 2696 849 2751 herbae
918 2721 920 2726 ·

79 2776 175 2828 Victor
194 2790 280 2844 equus
298 2773 436 2842 fontisque
455 2773 589 2825 avertitur
606 2776 636 2826 ct
653 2772 724 2840 pede
743 2778 845 2826 terram

79 2851 181 2904 Crebra
199 2850 279 2914 ferit;
297 2850 431 2902 demissae
450 2865 536 2914 aures,
555 2849 674 2902 incertus
692 2848 793 2902 ibidem
889 2863 926 2904 δοῦ

78 2927 174 2996 Sudor,
192 2931 221 2981 et
238 2926 284 2980 illc
302 2927 413 2994 quidem
431 2925 570 2978 merituris
588 2925 710 2992 frigidus,
729 2928 789 2978 aret

78 3003 160 3057 Pollis
179 3004 260 3057 etad
279 3007 383 3056 tactum
401 3002 531 3055 tractanti
549 3002 619 3054 dura
636 3000 746 3055 resistit.

78 3081 155 3134 Hace
173 3084 237 3133 ante
255 3079 369 3134 exitium
387 3079 482 3147 primis
500 3079 568 3132 daut
586 3078 663 3146 signa
681 3077 792 3140 diebus;

78 3156 125 3213 Sin
143 3157 172 3210 iu
189 3172 316 3227 processu
333 3157 423 3227 eoepit
440 3155 600 3212 crudescere
618 3153 735 3218 morbus,
