2032 3524
120 120 165 166 132
356 114 385 163 P.
407 114 561 165 VERGILI
582 116 747 167 MARONIS

118 198 155 251 Et
173 197 288 251 multum
306 196 430 249 lacrimas
448 197 533 250 rerba
550 196 623 251 inter
641 199 748 268 singula
763 203 862 256 fundit

118 273 248 336 Procedo,
267 275 297 325 et
314 289 426 340 parram
445 272 551 325 Troiam
571 273 751 345 simulataque
770 279 878 345 magnis

119 349 252 417 Pergama
270 353 299 401 et
317 352 440 401 arentem
459 348 563 402 Xanthi
581 353 739 417 cognomine
758 354 846 406 rivum
937 368 977 410 sse

118 427 272 493 Ailgnosco,
292 428 447 493 Scaeaeque
465 426 614 494 amplector
632 426 725 481 limina
743 434 847 498 portae.

119 503 246 554 Necnon
265 506 294 555 et
313 502 409 554 Teucri
428 503 499 555 socia
517 503 595 555 simul
614 503 682 556 urbe
700 506 835 559 fruuntur.

120 579 184 631 lllos
202 578 352 646 porticibus
369 595 418 631 rex
438 578 588 646 accipiebat
606 580 633 631 in
653 582 763 649 amplis;

119 656 200 708 Aulai
218 655 310 707 medio
328 653 451 707 libabant
469 656 566 722 poeula
584 656 692 721 Bacchi,

118 732 248 799 inpositis
266 748 332 783 anro
351 729 473 798 dapibus,
493 735 657 801 paterasque
674 733 812 786 tenebant.
937 746 976 789 w

156 810 266 877 lmnque
285 808 344 860 dics
362 807 487 874 alterque
505 809 564 861 (lies
582 810 721 876 prooessit,
739 814 769 862 et
786 825 868 862 aurae

117 885 187 937 l'cla
205 889 303 937 nocant
321 883 482 952 tumidoque
500 885 612 939 inflatur
629 886 758 940 carbasus
775 889 883 939 austro:

119 961 171 1014 llis
189 966 279 1014 saitem
298 958 445 1028 adgredior
463 960 544 1014 dictis
562 978 593 1015 ac
611 963 676 1015 tolia
695 978 805 1029 quaeso:

117 1037 276 1104 Troiugena,
294 1037 431 1104 interpres
450 1037 548 1105 divom,
566 1038 613 1106 qui
631 1039 741 1091 numina
760 1036 872 1105 Phoebi,

117 1114 168 1176 Qui
189 1113 317 1180 tripodas,
337 1113 421 1166 Clarii
440 1113 539 1180 laurus,
558 1115 605 1182 qui
624 1114 714 1168 sidera
732 1114 818 1167 sentis
936 1128 975 1168 ooo

119 1190 153 1243 lit
172 1190 310 1243 volucrum
329 1190 434 1257 linguas
452 1192 481 1242 et
499 1192 637 1260 praepetis
655 1191 745 1243 omina
762 1206 874 1258 pennae.

119 1265 187 1318 Fare
199 1282 403 1333 age—namquo
416 1263 523 1318 omnem
536 1283 645 1319 cursum
655 1267 721 1319 milii
731 1281 862 1334 prospera
871 1265 945 1321 dixit

120 1343 232 1409 Religio,
253 1347 282 1395 et
300 1343 389 1394 cuncti
408 1346 553 1394 suaserunt
572 1343 682 1396 numine
700 1342 755 1395 niu

118 1419 225 1470 ltaliam
244 1422 341 1486 petere
359 1422 388 1470 et
405 1420 493 1470 terras
512 1421 648 1486 temptare
666 1422 803 1486 repostas3

117 1494 179 1548 Sola
197 1511 296 1546 novum
315 1494 447 1561 dictuque
464 1494 540 1546 nefas
561 1496 682 1563 llarpyia
701 1494 817 1548 Celaeno
936 1508 975 1547 soa

117 1569 275 1636 Prodigium
295 1570 374 1629 canit,
393 1574 422 1622 ct
441 1570 528 1622 tristis
547 1571 691 1625 ‹lennntiat
708 1571 771 1636 iras,

116 1645 324 1715 Obscenamqne
341 1646 546 1714 famem—qnae
564 1648 652 1714 prima
669 1646 790 1715 pericula
807 1645 881 1700 vitel

116 1721 223 1784 Quidve
241 1739 359 1789 sequens
377 1726 468 1776 tantos
487 1724 586 1791 possim
606 1739 736 1791 superare
754 1721 878 1775 labores?

116 1797 170 1850 llic
191 1798 321 1864 Helenus,
341 1798 426 1851 caesis
444 1799 561 1865 primum
580 1800 615 1852 de
633 1816 710 1852 more
727 1796 854 1865 iuvencis,

116 1872 219 1927 Exorat
236 1890 331 1942 pacem
350 1875 449 1940 divom,
469 1875 607 1943 vittasque
625 1875 736 1927 resolvit
935 1888 976 1930 m

116 1951 221 2004 Sacrati
239 1951 344 2018 capitis,
361 1967 460 2019 meque
479 1951 514 2003 ad
533 1954 582 2004 tua
598 1951 698 2013 limina,
719 1947 836 2015 Phoebe,

116 2026 180 2093 lpse
199 2044 280 2080 manu
299 2028 384 2082 multo
403 2044 562 2097 suspensum
582 2027 693 2079 numine
712 2026 795 2091 ducit,

115 2103 211 2170 Atque
229 2104 295 2157 hacc
314 2104 415 2157 deinde
434 2104 506 2157 canit
525 2103 616 2155 divino
634 2120 668 2156 ex
687 2119 734 2155 ore
752 2100 893 2156 sacerdos:

150 2179 175 2231 N
178 2185 223 2233 ate
241 2180 398 2247 dea—nam
418 2184 447 2232 te
464 2179 613 2232 maioribus
631 2179 671 2232 ire
688 2194 739 2246 per
756 2178 842 2231 altum

115 2256 253 2323 Auspiciis
272 2257 416 2309 manifesta
435 2256 517 2310 fides:
538 2256 575 2307 sie
594 2255 750 2308 sotadeum
768 2269 818 2307 rex
936 2266 976 2309 m

115 2333 241 2397 Sortitur,
260 2332 398 2399 volvitque
416 2332 504 2396 riccs;
522 2333 547 2385 is
565 2332 685 2384 vertitur
702 2330 806 2383 ordc-

115 2408 204 2460 Pauea
223 2407 272 2461 tibi
292 2424 307 2460 e
324 2408 426 2471 multis,
446 2426 499 2476 quo
517 2409 604 2461 tutior
620 2407 728 2475 hospita
745 2406 849 2459 lustres

116 2486 245 2550 Aequora
263 2487 292 2536 et
313 2485 434 2537 Ausonio
452 2484 538 2551 possis
557 2485 698 2538 considere
716 2486 806 2552 portu,

115 2558 265 2626 Experliam
285 2559 380 2622 dietis;
402 2559 547 2627 probibent
565 2577 627 2614 nem
646 2564 738 2614 cetera
756 2560 858 2612 Parme

114 2635 189 2687 Scire
208 2635 344 2688 Helenum
363 2636 470 2703 farique
489 2639 565 2689 vetat
584 2637 712 2690 Saturnia
733 2637 808 2688 luno.
935 2648 975 2687 neo

115 2710 251 2779 Principio
271 2712 389 2778 Italiam,
409 2728 490 2779 qnam
509 2716 540 2763 tu
557 2711 611 2763 iam
631 2729 693 2764 rere
710 2709 893 2778 propinquam

115 2786 288 2856 Vicinosque,
306 2789 406 2856 inmisere,
424 2802 505 2854 psas
523 2786 653 2839 invadere
672 2791 775 2855 portus,

114 2863 208 2930 Longa
225 2864 319 2932 procul
338 2862 425 2929 longis
444 2861 487 2913 via
505 2861 604 2914 dividit
621 2863 694 2916 invia
712 2863 801 2915 terris.

114 2939 189 2991 Ante
208 2943 236 2992 et
255 2939 393 2991 Trinacria
411 2936 556 2989 lentandus
574 2954 665 2990 remus
685 2936 811 3002 inundo,

114 3013 151 3066 Et
169 3015 231 3067 salis
251 3013 364 3067 Ausonii
382 3012 553 3064 lustrandum
572 3013 685 3066 navibus
703 3026 806 3080 aequor
938 3026 978 3069 a

115 3089 275 3158 infernique
292 3090 366 3142 lacus
385 3089 550 3155 Aeaeaeque
568 3089 657 3142 insula
675 3090 777 3156 Circae,

115 3164 202 3229 Quam
220 3167 282 3218 tuta
299 3164 386 3231 possis
404 3161 502 3216 urbem
520 3179 674 3228 conponere
691 3167 773 3217 terra.
