2032 3524
330 120 405 167 AEN
409 116 514 168 EIDOS
530 120 597 168 LIB.
617 120 684 169 XII.
897 121 942 171 ³17

96 203 195 255 Oblato
213 201 336 268 gaudens
354 201 469 269 conponi
486 202 598 255 foedere
615 201 724 254 bellum.

94 279 164 331 Tum
182 278 267 330 socios
285 278 437 344 maestique
456 280 560 330 metum
578 278 682 330 solatur
701 278 762 345 Iuli,
908 293 944 330 no

96 353 165 407 Fata
183 353 290 417 docens,
309 353 422 420 rogique
440 352 516 405 iubet
535 369 663 420 responsa
682 353 781 407 Latino

96 430 180 483 Certa
197 430 301 481 referre
319 429 398 495 viros,
418 433 446 481 et
464 431 538 496 pacis
556 429 647 482 dicere
665 430 746 497 leges.

132 506 246 559 Postera
263 506 309 558 vix
328 523 447 559 summos
466 507 613 574 spargebat
631 506 733 560 lumine
750 508 851 561 mentis

96 582 165 634 crta
183 582 249 648 dies,
266 599 328 635 eum
346 583 464 650 primum
482 583 539 636 alto
557 600 586 635 se
604 583 714 649 gurgite
732 583 831 636 tollunt

96 658 165 711 Solis
185 658 255 726 equi,
274 658 416 725 lucemque
434 659 512 711 elatis
530 658 642 711 naribus
661 659 760 722 efflant,
908 673 943 711 ns

97 734 227 801 Carnpmn
246 734 282 786 ad
299 737 438 786 certamen
455 751 569 801 magnae
588 734 638 787 sub
656 735 799 787 moenibus
817 733 893 787 urbis

98 810 218 863 llimensi
238 810 389 878 Rutulique
407 810 458 863 viri
477 811 628 878 Teucrique
646 810 786 878 parabant,

97 885 131 955 1n
149 886 293 953 medioque
311 887 384 938 focos
403 890 431 939 et
449 885 492 938 dis
510 886 698 939 communibus
716 903 776 939 aras

97 962 262 1014 (immineas.
298 961 355 1014 Alii
373 962 531 1028 fontemque
549 961 694 1028 ignemque
712 961 845 1026 ferebant,

99 1037 189 1091 Velati
207 1038 278 1102 limo,
297 1041 326 1091 et
344 1037 462 1090 verbena
473 1040 604 1104 ,tempera
622 1037 713 1091 vineti.
908 1052 944 1089 nn

98 1113 226 1166 Procedit
244 1114 314 1181 legio
335 1113 512 1174 Ausonidum,
530 1112 669 1181 pilataque
688 1113 776 1180 plenis

97 1190 215 1257 Agmina
232 1206 262 1242 se
279 1190 398 1241 fundunt
416 1189 512 1257 portis.
549 1189 623 1242 Hine
642 1188 737 1240 Troius
755 1188 842 1241 omnis

97 1265 305 1334 Tyrrhenusque
323 1265 379 1318 ruit
397 1265 479 1317 variis
498 1264 634 1317 exercitus
652 1264 742 1329 armis,

98 1339 181 1393 Haud
199 1357 277 1394 secus
294 1340 421 1393 instructi
439 1340 520 1401 ferro,
538 1357 619 1407 quarn
638 1340 661 1392 si
679 1357 775 1408 aspera
794 1340 892 1393 Martis

55 1410 58 1414 ’
97 1415 193 1484 Pugna
210 1421 295 1470 vocet.
332 1417 390 1469 Nec
408 1433 461 1468 nen
479 1417 577 1469 mediis
595 1417 623 1468 in
641 1416 751 1468 milibus
768 1416 820 1484 ipsi
908 1430 943 1468 125

97 1491 231 1546 Ductores
249 1510 315 1546 auro
334 1493 448 1545 volitant
466 1496 596 1559 ostroque
614 1492 732 1559 superbi,

97 1569 133 1621 llt
150 1585 236 1635 genus
256 1569 382 1622 Assaraci
401 1569 568 1634 Mnestheus,
587 1573 615 1622 et
632 1569 711 1621 fortis
730 1568 828 1634 Asilas,

98 1643 132 1696 nt
151 1644 293 1712 Messapus
311 1661 412 1712 equum
430 1644 555 1711 domitor,
575 1644 714 1712 Neptunia
731 1644 827 1712 proles.

98 1719 191 1786 thue
211 1720 275 1773 dato
294 1721 370 1788 signo
389 1720 477 1788 spatia
494 1721 522 1773 in
541 1737 589 1772 sua
608 1720 724 1787 quisque
741 1720 861 1785 recessit,

98 1795 228 1862 Defigunt
246 1796 337 1849 telluri
356 1795 449 1848 hastas
467 1799 495 1848 et
514 1798 591 1848 scuta
610 1796 749 1848 reclinant.
904 1808 939 1846 rao

51 1893 53 1899 ·
98 1870 164 1923 Tum
184 1871 275 1924 studio
294 1871 395 1924 effusae
414 1874 516 1923 matres
535 1875 564 1924 et
582 1870 675 1937 volgus
694 1871 827 1923 inermum

98 1945 269 2014 Invalidiqno
288 1963 366 1999 senes
384 1947 469 2000 turris
487 1950 515 1999 et
533 1949 607 1999 tecta
626 1947 765 1999 domorum

98 2020 246 2088 Obsedere,
264 2023 310 2075 alii
328 2022 416 2089 portis
435 2021 596 2074 sublimibus
614 2022 732 2074 adstant.

133 2101 173 2151 At
192 2099 261 2151 luno
280 2115 296 2150 e
314 2114 427 2164 summe,
446 2097 493 2165 qui
511 2115 582 2150 nunc
602 2097 725 2149 Albanus
744 2097 903 2164 habetur,-

97 2173 165 2226 Tum
176 2190 266 2241 neque
278 2190 376 2227 nomen
390 2177 450 2226 erat
462 2190 511 2226 nee
524 2173 608 2225 bonos
621 2176 669 2225 aut
681 2173 768 2240 gloria
779 2173 900 2226 monti-

99 2249 268 2317 Prospieiens
279 2249 385 2303 tumulo
398 2265 522 2316 campum
535 2248 694 2315 aspectabat
707 2252 735 2300 et
748 2247 841 2300 ambas
908 2263 944 2302 136

99 2324 266 2379 Laurentum
285 2325 439 2393 Troumque
457 2325 528 2377 acies
546 2326 696 2392 urbemque
716 2324 815 2377 Latini.

99 2400 242 2469 Extemplo
261 2401 345 2452 Turni
363 2400 401 2453 sic
420 2404 462 2452 est
481 2400 573 2452 adfata
592 2416 718 2466 sororem,

100 2476 166 2529 lma
184 2476 271 2541 deam,
290 2476 393 2543 stagnis
412 2493 482 2543 quae
501 2475 713 2542 fluminibusque
731 2475 836 2528 sonoris

98 2550 255 2616 Praesidet;
272 2552 343 2605 hune
362 2551 400 2604 illi
419 2568 468 2604 rex
486 2551 606 2604 aetheris
625 2551 696 2603 altus
715 2551 844 2604 honorem
909 2564 944 2602 nn

98 2627 223 2695 luppiter
240 2631 335 2696 erepta
353 2644 402 2694 pro
421 2627 578 2693 virginitate
597 2627 724 2681 sacravit:

97 2703 234 2771 Nympha,-
249 2703 332 2756 decus
350 2703 500 2768 fluuiorum,
519 2702 609 2754 animo
626 2702 782 2769 gratissima
799 2704 899 2766 nostro,

97 2778 160 2843 Seis,
178 2783 209 2832 ut
227 2782 256 2832 te
273 2779 378 2832 eunetis
395 2795 484 2844 unam,
503 2794 690 2845 quaecumque
711 2778 823 2830 Latinae

96 2853 263 2921 Magnanimi
282 2854 355 2906 levis
372 2855 509 2921 ingratum
527 2853 673 2905 ascendere
690 2852 786 2918 cubile,

95 2929 285 2996 Praetulerim,
304 2929 426 2998 caelique
445 2929 532 2981 libens
550 2929 577 2979 in
595 2929 675 2993 parte
693 2927 816 2980 locarim:
907 2939 942 2978 14⁵

97 3003 178 3057 Disce
196 3009 282 3071 tunm,
300 3021 334 3057 ne
352 3021 396 3058 me
414 3005 527 3070 incuses,
547 3004 668 3068 Iuturna,
688 3001 816 3055 dolorem.

97 3081 157 3143 Qua
174 3079 233 3147 visa
249 3082 294 3133 est
311 3081 421 3133 fortuna
438 3080 496 3148 pati
516 3080 671 3146 Parcaeque
689 3076 816 3131 sinebant

98 3155 202 3210 {ledere
218 3171 264 3209 res
283 3156 369 3223 Latio,
389 3157 508 3209 Turnum
527 3159 555 3208 et
573 3158 621 3207 tua
638 3153 745 3206 moenia
763 3154 835 3209 texi:
