2032 3524
327 113 514 163 BUOOLIOA.
545 112 618 160 ECL.
638 110 687 160 IX.
897 115 927 159 19

81 199 141 252 Has
159 197 223 250 olim
242 196 352 249 exuvias
370 193 437 247 mihi
456 193 577 262 perfidus
596 193 642 246 ille
660 192 779 262 reliquit,

79 275 198 341 Pignora
215 264 354 336 cara‘sui3
372 287 443 339 quae
461 286 532 323 nunc
550 287 601 337 ego
619 269 711 322 limine
728 269 756 322 in
774 269 840 338 ipso,

78 351 169 416 Terra,
188 348 239 402 tibi
258 348 377 413 maud0;
395 346 498 400 debent
516 347 583 400 haec
600 346 714 414 pignora
732 345 875 414 Daphnim.

79 427 178 479 Ducite
191 425 226 478 ab
237 424 306 477 urbe
319 423 437 490 domum,
451 439 512 476 mea
524 423 650 489 carmina,
663 422 755 475 ducite
768 422 911 490 Daphnim.

79 504 138 556 Has
156 501 254 555 herbas
272 503 356 567 atque
374 499 441 553 hece
460 498 547 551 Ponto
565 499 631 551 mihi
648 498 720 552 lecta
737 516 840 553 venena
905 515 930 554 ss

79 579 143 648 Ipse
161 577 240 631 dedit
259 576 377 641 Moeris;
395 577 543 628 nascuntur
561 574 677 643 plurima
697 575 791 629 Ponto.

79 657 132 709 His
150 670 200 723 ego
219 669 300 721 saepe
319 652 414 720 lupum
432 651 491 704 fieri
510 655 587 704 etse
605 651 721 706 condere
740 652 814 704 silvis

78 731 202 799 Moerim,
222 747 302 799 saepe
320 729 423 781 animas
441 729 503 781 imis
522 727 612 782 excire
631 729 791 796 sepulchris
807 763 822 792 0

79 810 180 877 Atque
192 811 264 861 satas
283 806 335 859 alio
353 804 409 858 vidi
428 804 573 858 traducere
591 805 693 858 messis.
905 819 932 858 oe

78 885 177 938 Ducite
189 883 224 937 ab
236 882 305 935 urbe
318 882 436 949 domum,
449 898 510 934 mea
522 882 648 949 carmine,
661 880 753 933 ducite
766 880 909 948 Daphnim.
925 946 927 949 Ι

80 961 134 1014 Fer
151 961 262 1027 cineres,
284 958 425 1027 Amarylli,
443 959 522 1026 foras,
541 957 655 1026 rivoque
673 957 768 1010 fluenti

78 1037 218 1105 'frausque
230 1039 313 1104 caput
324 1034 382 1088 iace
391 1057 397 1099 ;
407 1051 457 1088 nec
468 1034 629 1102 respexeris.
667 1033 720 1086 His
732 1049 783 1100 ego
792 1033 928 1102 Daphnim

80 1113 253 1180 Adgrediar;
270 1111 337 1164 nihil
355 1110 400 1163 ille
419 1110 493 1177 dces,
510 1110 547 1161 nil
566 1110 685 1167 carmina
702 1113 786 1163 curet.

79 1188 178 1242 Ducite
190 1187 225 1240 ab
237 1187 305 1240 urbe
318 1187 436 1251 domum,
448 1204 509 1240 mea
521 1187 646 1250 camnine,
659 1185 751 1238 ducite
765 1186 908 1254 Daphnim.

80 1264 188 1333 Aspice,
209 1264 341 1331 corripuit
358 1263 483 1317 tremulis
502 1262 598 1316 altaria
615 1263 731 1316 flammis
894 1281 930 1320 los

80 1341 183 1408 Sponte
201 1357 256 1404 sua,
276 1339 341 1392 dum
359 1341 431 1394 ferre
448 1356 547 1405 moror,
564 1340 632 1393 cinis
649 1339 716 1408 ipse.
753 1341 859 1394 Bonum
878 1343 928 1398 sit!

81 1417 178 1470 Nescio
197 1416 265 1485 quid
283 1420 357 1470 certe
375 1420 424 1480 est,
443 1420 472 1470 et
491 1416 580 1486 Hylax
600 1417 626 1469 in
646 1417 736 1470 limine
755 1417 846 1471 latrat.

81 1493 244 1546 Credimusl
262 1509 303 1558 an,
322 1493 369 1560 qui
387 1496 485 1556 amant,
504 1492 555 1561 ipsi
575 1493 624 1546 sibi
645 1494 749 1548 somnia
767 1495 893 1562 fingimtl

81 1568 197 1636 Parcite,
209 1568 244 1622 ab
256 1570 325 1622 urbe
337 1569 419 1637 venit,
433 1571 494 1634 ianr,
507 1570 632 1637 carmina,
645 1572 758 1639 parcite,
775 1571 907 1641 Daphnis.

373 1739 560 1797 ECLOGA
587 1739 644 1796 IX.

433 1846 577 1894 MOERIS.
687 1854 689 1858 '

371 1947 491 1987 Licinis.
526 1949 637 1989 memus.

82 2021 113 2073 L.
134 2019 195 2083 Quo
207 2023 243 2085 te,
258 2017 352 2079 Moeri,
365 2017 450 2084 pedes
457 2018 467 2069 l
480 2033 520 2081 an,
533 2033 588 2084 quo
601 2018 644 2070 via
656 2018 741 2082 ducit,
754 2018 782 2071 in
794 2020 913 2075 urbemi

82 2096 123 2147 M.
143 2096 165 2146 0
186 2092 294 2160 Lycida,
312 2092 364 2144 vivi
384 2093 562 2159 pervenimus,
580 2092 685 2146 advena
702 2096 796 2162 nostri,

83 2169 161 2234 Quod
179 2184 328 2236 numquam
346 2166 425 2220 veriti
444 2183 543 2235 sumus,
560 2170 592 2221 ut
609 2184 748 2236 possessor
766 2171 844 2238 agelli

85 2247 207 2298 Diceret:
227 2244 304 2297 Haec
321 2260 382 2297 mea
400 2247 480 2309 sunt3
498 2251 604 2297 veteres
622 2245 738 2313 migrate
756 2246 850 2300 coloni.

83 2323 162 2376 Nune
179 2322 251 2388 victi,
270 2321 371 2388 tristes,
391 2321 516 2388 quoniam
536 2320 604 2374 llcrs
622 2323 711 2375 omnia
729 2326 828 2390 versat,
919 2341 931 2378 s

51 2419 70 2435 ὁ
83 2399 142 2454 Hos
160 2397 305 2466 illi-quod
323 2413 372 2450 nec
390 2400 480 2450 vertat
498 2396 735 2451 benc-mittimus
754 2399 861 2453 haedos.

82 2475 114 2528 L.
133 2476 216 2529 Certe
235 2473 363 2542 equidem
381 2474 529 2538 audieram,
549 2492 650 2543 quase
669 2476 820 2529 subducere
838 2476 919 2529 colles

84 2551 229 2621 Incipiunt,
249 2551 379 2618 mollique
396 2551 489 2617 iugum
509 2551 656 2605 demittere
674 2552 750 2617 clive,

83 2627 178 2697 Usque
190 2628 225 2680 ad
237 2644 336 2696 aquam
349 2631 378 2680 ct
391 2629 497 2692 veteris,
511 2629 563 2680 iam
576 2629 662 2682 fracta
674 2629 819 2695 eacum'na,
831 2629 907 2694 fagos

85 2703 181 2757 Omnia
198 2703 362 2758 carminibus
381 2708 502 2758 vestrum
521 2722 642 2759 servasse
661 2646 817 2832 lllenalnssq.¹
908 2717 932 2753 ιο

84 2780 124 2832 M.
144 2775 289 2848 Audieras,
310 2782 429 2834 etfama
447 2781 516 2846 luit3
535 2783 584 2836 sed
602 2783 768 2836 carminata
817 2796 844 2831 m

84 2856 186 2911 Nostra
204 2858 301 2925 velent,
322 2858 429 2927 Lycida,
448 2860 505 2912 tela
522 2860 595 2912 inter
613 2858 721 2925 Martia,
739 2860 869 2923 quantum

85 2932 217 2988 Chaonias
236 2935 330 2989 dicunt
348 2936 438 3003 aquila
457 2935 582 2989 veniente
600 2933 744 2986 columbas.

65 3009 163 3072 ‘Quod
182 3013 231 3064 nisi
250 3028 294 3063 me
313 3028 482 3078 (precumque
500 3026 582 3062 novas
600 3009 720 3062 incidere
738 3007 801 3060 lites

89 3087 161 3139 Ante
179 3088 289 3139 sinistra
306 3102 371 3137 cava
389 3086 538 3139 monuisset
556 3087 591 3139 ab
609 3086 670 3139 ilice
687 3083 788 3151 cornix,
844 3123 847 3135 .
909 3098 934 3137 1⁵

91 3160 145 3212 Lice
161 3162 226 3215 tuus
243 3162 288 3215 hic
306 3161 415 3225 Moeris,
434 3179 484 3215 nec
501 3164 605 3215 vireret
623 3163 681 3229 ipse
700 3139 856 3214 Menalcasll

160 3239 176 3286 3
