2032 3524
337 130 543 180 GEORGIOON
565 130 630 180 LIB.
651 130 701 181 IV.
917 135 947 182 77

126 210 177 265 list
193 211 222 264 in
241 209 389 278 Carpathio
408 211 530 280 Neptuni
548 212 657 279 gurgite
675 213 752 265 vates

88 287 238 342 Caeruleus
258 287 381 353 Proteus,
400 305 528 354 maguum
548 289 594 355 qui
613 288 732 354 piscibus
750 303 854 357 aequor

88 364 125 415 ltt
142 363 235 415 iuncto
254 361 385 431 bipedum
404 380 485 415 curru
504 365 618 417 metitur
638 380 777 432 equorum.

88 441 143 493 Hie
161 456 233 492 nunc
252 439 397 493 Emathiae
414 445 510 508 portus
528 441 703 508 patriamque
720 441 815 493 revisit
910 456 946 496 000

87 516 231 579 l'allencn;
251 516 320 569 huuc
340 521 369 568 et
388 517 531 585 Nymphae
550 533 713 570 veneramur
730 517 835 584 etipse

84 594 266 647 Grandaevus
287 592 409 658 Nereus;
428 593 503 646 novit
522 611 639 662 namque
659 595 749 646 omnia
766 599 850 659 vates,

84 671 162 735 Quae
176 671 237 734 sint,
252 686 321 736 quae
334 669 443 734 fuerint,
454 685 524 736 quae
538 687 602 722 mox
614 675 730 723 ventura
742 670 896 726 trahamur.

86 747 192 815 Quippe
209 751 249 799 ita
268 745 293 797 N
296 749 397 812 eptuuo
416 746 502 798 risum
522 750 571 812 est,
590 747 709 799 inmania
728 747 805 799 cuius

86 824 222 876 Armenta
240 827 269 875 et
287 823 374 889 turpis
393 822 479 890 pascit
499 822 548 875 sub
567 824 676 890 gurgite
694 823 804 890 phocas.
908 837 944 876 aas

86 899 139 951 Hic
157 899 215 965 tibi,
236 902 307 963 nate,
327 899 402 966 prius
422 899 516 952 vinclis
533 899 690 968 capiendus,
707 903 740 952 ut
756 916 866 952 omnem

84 975 221 1041 Expediet
239 974 328 1027 morbi
346 967 476 1040 caussam]
495 978 664 1043 eventusque
683 975 821 1028 secundet.

84 1051 155 1104 Nam
174 1052 232 1104 sino
249 1051 276 1103 vi
293 1068 346 1104 non
364 1050 419 1102 ulla
438 1050 515 1103 dubit
532 1055 685 1118 praccepta,
705 1067 794 1118 uequc
814 1051 891 1103 illum

85 1126 196 1179 Orando
215 1127 322 1180 flectes:
341 1127 395 1178 vim
414 1125 511 1178 duram
531 1130 560 1178 et
579 1126 684 1178 vincula
701 1131 783 1194 capto

82 1203 192 1269 ‘fende;
210 1202 265 1255 doli
278 1204 378 1255 circum
391 1201 457 1253 haec
470 1201 579 1254 demum
592 1203 753 1269 frangentur
765 1202 867 1257 inanes.
905 1218 943 1257 000

83 1277 149 1347 Ipsa
167 1296 217 1348 ego
235 1283 272 1346 te,
290 1279 394 1332 medios
411 1293 473 1330 eum
492 1277 531 1330 sol
549 1278 704 1331 accenderit
720 1281 818 1345 aestus,

82 1355 153 1409 Cum
172 1356 268 1408 sitiunt
286 1356 395 1419 herbae,
414 1358 443 1406 et
461 1355 550 1422 pecori
567 1355 621 1407 iam
640 1356 743 1422 gratior
761 1355 857 1408 umbra
875 1359 926 1423 est,
983 1371 989 1383 ’·

84 1431 116 1484 In
136 1435 243 1484 secreta
261 1433 332 1484 senis
351 1431 456 1498 ducam,
475 1448 528 1498 quo
547 1432 634 1483 fessus
652 1430 687 1483 ab
705 1431 785 1484 undis

81 1507 119 1560 Se
137 1507 240 1574 recipit,
260 1507 338 1560 facile
356 1511 388 1559 ut
407 1503 500 1559 somno
519 1507 681 1574 adgrediare
699 1508 842 1562 iacentem.

83 1582 187 1635 Verum
205 1583 252 1636 ubi
270 1578 425 1651 correptum
444 1584 568 1636 manibus
586 1583 736 1651 vinclisque
755 1585 869 1650 tenebis,
903 1599 940 1638 sos

81 1660 151 1712 Turn
169 1660 261 1712 variae
280 1660 393 1713 eludent
412 1660 514 1728 species
532 1663 615 1727 atque
634 1677 682 1712 ora
700 1660 826 1713 ferarum.

82 1736 144 1789 Fiet
163 1735 235 1789 enim
254 1736 344 1789 subito
363 1753 408 1789 sus
427 1736 562 1803 horridus,
580 1741 696 1804 atraque
716 1736 801 1804 tigris,

81 1813 302 1882 Squamosusquc
322 1813 410 1877 draeo,
431 1816 459 1864 ct
477 1812 550 1864 fulva
567 1812 672 1865 cervice
692 1813 799 1876 leaena3

82 1889 140 1941 Aut
158 1905 248 1941 acrem
267 1889 391 1940 flammae
411 1889 528 1940 sonitum
547 1887 631 1953 dabit,
651 1893 734 1956 atque
753 1889 793 1941 ita
810 1887 903 1942 vinclis

82 1958 271 2029 Excidet,'aut
288 1964 315 2015 in
334 1981 419 2029 aquas
438 1964 527 2014 tenuis
546 1963 667 2031 dilapsus
685 1964 781 2018 abibit.
901 1978 938 2017 410

79 2039 135 2092 Sed
155 2042 257 2107 quanto
274 2039 320 2091 ille
339 2039 424 2104 magis
443 2038 542 2090 formas
561 2055 590 2090 se
608 2043 699 2091 vertet
717 2040 744 2091 in
762 2041 856 2103 omnis,

79 2113 176 2182 Tanto,
194 2117 266 2179 nate,
285 2114 370 2180 magis
389 2113 522 2165 contende
541 2113 647 2165 tenacia
666 2114 760 2180 vinela,

80 2192 173 2244 Donec
191 2189 254 2242 talis
273 2190 326 2242 erit
344 2192 450 2241 mutato
469 2205 589 2256 corpore,
609 2189 716 2256 qualem

58 2326 69 2331 ,
81 2267 199 2333 Videris,
218 2267 327 2334 incepto
346 2269 455 2332 tegeret
473 2280 533 2319 cum
551 2264 652 2316 lumina
670 2273 774 2318 somno:

116 2344 191 2397 Haec
203 2343 250 2410 ait,
262 2347 291 2395 et
303 2341 437 2410 liquidum
450 2340 601 2394 ambrosiae
614 2340 744 2394 diffundit
755 2344 875 2409 odorem,
899 2358 935 2397 415

79 2423 138 2485 Quo
157 2424 246 2474 totum
264 2419 322 2472 nati
341 2436 439 2486 corpus
458 2417 603 2486 perduxit;
621 2420 651 2470 at
669 2416 710 2469 illi

81 2496 171 2549 liuteis
189 2495 336 2564 conpositis
355 2495 468 2563 spiravit
485 2492 605 2565 crinibus
623 2510 697 2560 uum,

81 2575 173 2639 Atque
184 2571 282 2624 habilis
294 2571 423 2643 membris
436 2567 510 2623 venit
522 2569 604 2636 vigor.
642 2569 691 2623 Est
704 2587 799 2639 specus
811 2571 907 2636 ingens

80 2648 159 2699 linesi
177 2647 265 2700 latere
281 2645 438 2721 iumentis,
457 2663 510 2714 quo
528 2645 645 2713 plmima
663 2652 744 2701 vento

78 2721 195 2789 Cogitur
211 2722 386 2790 inqueaesinus
405 2722 504 2774 scindit
523 2738 582 2774 seso
599 2720 673 2774 unda
690 2722 826 2789 reductos,
898 2736 934 2774 sao

79 2797 226 2864 Deprensis
244 2797 308 2850 olim
328 2799 409 2851 statio
428 2798 564 2850 tutissima
582 2798 687 2864 nautis3

78 2871 159 2925 lutus
178 2889 207 2926 se
225 2873 295 2927 vesti
314 2873 430 2926 Proteus
449 2874 519 2940 tegit
538 2873 622 2926 obiice
642 2874 708 2927 saxi.

78 2948 132 3002 Hic
149 2948 275 3000 iuvenem
292 2947 320 3000 iu
338 2947 449 3001 latebris
467 2965 591 3000 aversum
610 2949 744 3001 alumine
763 2945 890 3014 Nympha

78 3023 213 3087 Collocat3
229 3023 289 3090 ipsa
305 3024 399 3090 procul
418 3023 524 3076 nebulis
543 3024 657 3077 obscura
675 3022 785 3074 resistit.

78 3098 138 3152 Iam
156 3099 269 3167 rapidus
286 3101 393 3151 torrens
411 3099 527 3159 sitientis
546 3099 630 3151 Sirius
651 3097 734 3150 Indos
895 3111 932 3152 me

79 3168 206 3227 Ardebat
223 3174 305 3240 caelo,
323 3176 352 3226 et
369 3173 490 3226 medium
501 3173 548 3228 ⁴sol
566 3174 661 3240 igneus
679 3171 773 3226 orbem
