2032 3524
351 116 534 166 AENEIDOS
551 115 620 164 LIB.
641 117 694 167 III.
902 117 947 166 135

100 202 137 255 m
154 217 251 254 conum
269 198 381 266 insignis
399 199 494 266 galeae
512 197 664 265 cristasque
682 197 821 264 comantis,

102 279 188 330 Anna
207 275 387 343 Neoptolemi.
425 274 495 327 Sunt
513 277 543 327 et
562 289 610 326 sua
628 275 700 327 dona
717 273 832 342 parenti.

101 352 191 406 Addit
208 368 299 420 equos,
318 350 451 419 additque
469 350 568 415 duces;
913 361 950 403 470

101 429 256 496 Remigium
275 428 395 496 supplet3
416 430 501 481 socios
519 429 598 481 simul
616 428 727 482 instruit
745 428 833 481 armis.

135 505 247 558 Interea
265 505 378 558 classem
397 504 464 557 velis
482 509 578 573 aptare
596 504 709 559 iubebat

101 580 241 647 Anchises,
260 581 339 633 fieret
357 585 439 633 vento
458 598 534 634 urora
551 599 586 635 ne
605 598 659 649 qua
676 581 781 635 ferenti.

101 656 187 720 Quem
207 656 309 710 Phoebi
328 656 465 724 interpres
483 657 569 711 multo
587 658 732 725 compellat
749 659 863 710 honore:

100 732 239 800 Coniugio,
259 732 389 799 Anchise,
410 732 525 786 Veneris
543 734 656 802 dignate
675 735 798 803 superbo,
914 745 950 786 uo

101 807 174 861 Cura
191 809 280 875 deum,
298 807 340 862 bis
359 809 515 877 Pergameis
533 814 628 877 erepte
646 809 738 878 ruinis,

101 883 170 937 Ileee
187 885 238 938 tibi
259 886 397 939 Ausoniae
414 885 510 949 tellus3
528 885 597 937 hane
616 886 705 953 arripe
723 887 798 941 velie.

100 959 137 1014 Et
155 964 248 1014 tamen
266 961 334 1013 hane
351 961 448 1027 pelago
466 960 670 1028 praeterlabare
688 978 797 1015 necesse
815 967 871 1029 est3

101 1037 239 1089 Ausoniae
256 1053 320 1104 pars
337 1036 384 1087 illa
400 1036 502 1103 procul,
522 1051 604 1102 quam
623 1036 720 1102 pandit
739 1037 844 1105 Apollo.

100 1111 187 1178 Vade,
205 1113 252 1178 ait,
271 1128 287 1163 o
305 1111 370 1163 felix
389 1111 447 1162 nati
465 1111 577 1178 pietate.
614 1111 686 1173 Quid
704 1111 777 1165 ultra
913 1127 950 1167 sse

102 1187 240 1240 Provehor
258 1191 287 1239 et
305 1186 387 1238 fando
405 1186 542 1252 surgentis
560 1185 687 1239 demoror
705 1191 829 1243 austrosi

101 1262 124 1315 N
129 1279 160 1315 ee
178 1263 267 1314 minus
286 1261 484 1328 Andromache,
503 1260 628 1329 digressu
646 1268 751 1317 maesta
769 1281 902 1335 supremo,

102 1338 168 1390 Fert
186 1338 336 1406 picturatas
355 1337 414 1390 auri
432 1337 584 1391 subtemine
602 1343 691 1393 vestes

101 1414 137 1468 Et
157 1415 301 1482 Phrygiam
321 1414 438 1467 Ascanio
457 1415 634 1483 chlamydem,
653 1432 703 1470 nee
721 1418 794 1472 cedit
812 1418 912 1488 honori,

101 1491 305 1560 Testilibusque
323 1494 419 1544 onerat
437 1491 524 1559 donis,
542 1508 573 1546 ac
591 1492 658 1544 talia
676 1493 762 1548 latur:
834 1521 838 1529 ·
913 1509 949 1548 sss

102 1569 202 1635 Accipe
215 1571 243 1621 et
255 1568 329 1634 haee,
342 1583 470 1620 manuum
483 1568 533 1619 tibi
546 1584 616 1636 quae
629 1574 804 1624 monumenta
816 1587 937 1624 mearum

101 1644 168 1711 Sint,
179 1661 255 1711 puer,
268 1648 297 1696 et
309 1644 418 1710 longum
433 1643 642 1696 Andromachae
654 1648 792 1698 testentur
804 1663 931 1711 sanorem,

101 1720 228 1787 Coniugis
248 1721 407 1773 Hectoreae.
443 1720 517 1787 Cape
534 1719 606 1772 dona
623 1724 746 1773 extrema
763 1726 880 1787 tuorum,

101 1797 124 1849 O
143 1797 209 1849 mihi
228 1796 284 1849 sola
302 1797 356 1849 mei
375 1813 456 1864 super
475 1797 649 1863 Astyanactis
668 1798 762 1865 imago.

101 1873 145 1926 sic
163 1872 260 1939 oculos,
279 1873 317 1924 sic
334 1872 380 1924 ille
397 1888 500 1936 manus,
519 1873 556 1924 sic
574 1889 622 1925 ora
639 1872 758 1938 ferebat;
914 1887 952 1928 leo

102 1949 138 2001 llt
155 1964 225 2000 nune
243 1946 350 2012 aequali
368 1950 459 1999 tecum
477 1947 640 2013 pubesceret
657 1964 729 2001 aevo.

103 2024 161 2076 iios
180 2038 230 2089 ego
248 2021 405 2087 digrediens
422 2021 538 2072 lacrimis
557 2022 670 2074 adfabar
689 2023 805 2078 obortis:

102 2100 194 2151 Vivite
213 2097 312 2162 felices,
332 2095 431 2163 quibus
448 2101 491 2148 est
508 2097 618 2148 fortuna
635 2103 746 2163 peraeta

104 2174 161 2226 lam
182 2189 242 2235 sua3
263 2189 310 2224 nos
329 2171 381 2223 alia
399 2188 433 2223 ex
452 2172 511 2224 aliis
529 2171 556 2223 in
574 2172 631 2224 fata
649 2188 781 2226 vocamur.

104 2250 188 2302 Vobis
206 2252 286 2317 parta
303 2249 395 2315 quies;
412 2247 515 2300 nullum
533 2248 615 2300 maris
633 2264 735 2316 aequor
752 2250 891 2314 arandum,
914 2264 951 2305 bs

103 2328 178 2380 Arva
194 2341 283 2392 neque
303 2324 441 2377 Ausoniae
460 2341 569 2392 semper
587 2325 713 2378 cedentia
732 2330 805 2379 retro

103 2402 272 2467 Quaerenda.
310 2401 433 2467 Effigiem
453 2400 556 2453 Xanthi
575 2400 738 2468 Troiamque
756 2401 862 2470 videtis,

103 2480 188 2543 Quam
207 2482 316 2531 vestrae
333 2477 424 2529 fecere
441 2492 544 2542 manus,
563 2477 726 2542 melioribus,
745 2481 816 2546 opto,

104 2556 248 2624 Auspiciis,
266 2556 295 2607 et
313 2569 384 2621 quae
401 2552 484 2605 fuerit
502 2553 592 2605 minus
610 2553 688 2605 obvia
707 2554 802 2608 Graiis.

103 2632 131 2684 Si
150 2630 258 2700 quando
276 2629 404 2698 Thybrim
422 2629 565 2696 vicinaque
584 2629 729 2698 Thybridis
747 2647 811 2683 arva
915 2643 952 2684 ooo

104 2707 213 2759 intrare
230 2707 360 2773 gentique
379 2722 456 2758 meae
474 2705 540 2758 data
558 2706 664 2758 moenia
683 2723 799 2771 cernam,

103 2783 238 2848 Cognatas
255 2781 338 2834 urbes
357 2781 421 2834 olim
439 2783 606 2850 populosque
624 2783 796 2851 propinquos,

103 2858 192 2926 Epiro,
213 2857 355 2923 Hesperia,
373 2858 473 2926 quibus
491 2858 563 2910 idem
583 2856 728 2909 Dardanus
746 2861 841 2910 auctor

104 2937 199 3001 Atque
216 2932 289 2986 idem
308 2949 393 3000 casus,
410 2949 491 2986 unam
510 2933 639 2985 iaciemus
659 2936 804 2999 utramque

103 3009 209 3061 Troiam
229 3008 339 3071 animis;
358 3012 466 3061 maneat
483 3014 591 3062 nostros
609 3026 642 3061 ea
661 3024 725 3061 eura
743 3012 862 3075 nepotes.
915 3023 951 3066 tet

138 3084 315 3138 Provehimur
333 3083 429 3150 pelago
446 3084 532 3137 uicina
550 3085 682 3138 Ceraunia
699 3084 783 3150 iuxta,

104 3156 184 3215 Unde
199 3159 254 3214 iter
273 3157 382 3212 Italiam
400 3173 549 3229 cursusque
559 3158 742 3215 brevissimus
758 3159 844 3216 undis
