2032 3524
306 416 334 463 Ρ.
353 413 507 462 VERGILI
526 414 691 462 MARONIS

278 560 727 639 GEORGICON

348 747 464 800 LIBER
488 747 656 801 TERTIUS.

459 944 555 970 ⁴4-

77 1092 117 1144 Te
135 1108 253 1159 quoque,
271 1109 368 1159 magua
387 1098 473 1162 Pales,
492 1100 521 1149 et
538 1099 568 1149 te
586 1096 759 1147 memorande
776 1109 907 1147 canemus

79 1167 176 1219 Pastor
194 1167 228 1218 ub
249 1168 411 1236 Amphryso,
429 1188 484 1236 vos,
503 1171 585 1224 silvae
604 1186 751 1237 amnesque
770 1169 876 1236 Lycaei.

77 1244 183 1309 Cetera,
203 1259 272 1309 quae
290 1260 387 1296 vacuas
407 1247 559 1299 tenuissent
577 1246 696 1298 carmine
713 1248 827 1312 mentes,

77 1321 174 1372 (imma
192 1320 245 1371 iam
265 1318 383 1385 volgata:
403 1321 464 1388 quis
482 1325 530 1374 aut
550 1321 702 1388 Eurysthea
720 1321 826 1388 durum,

77 1399 135 1448 Aut
154 1395 285 1447 inlaudati
305 1396 391 1449 nescit
410 1397 544 1449 Busiridis
563 1398 640 1450 erest

77 1474 126 1525 (Tui
145 1490 196 1523 uon
217 1470 307 1524 dietus
327 1472 413 1540 Hylas
431 1489 500 1540 puer
518 1478 547 1525 et
566 1473 680 1526 Latonia
699 1472 789 1535 Delos

77 1549 314 1616 Hippodameque,
332 1549 500 1617 humeroque
520 1549 619 1617 Pelops
637 1548 750 1616 insignis
768 1547 882 1616 eburno,

76 1628 150 1678 Aeer
170 1625 263 1691 equis?
299 1625 470 1692 Temptanda
488 1626 530 1678 viu
545 1630 600 1692 est,
618 1641 673 1693 qua
691 1640 735 1677 me
753 1640 863 1692 quoque

146 1718 246 1768 possim

77 1776 182 1828 Tollere
202 1777 283 1830 humo
303 1779 441 1846 victorque
461 1779 548 1831 virum
567 1778 681 1830 volitare
700 1793 749 1845 per
767 1792 824 1828 ore.

78 1852 184 1904 Primus
204 1870 254 1918 ego
272 1854 299 1905 in
318 1854 433 1922 patrium
453 1872 565 1922 meeum,
584 1853 664 1906 modo
683 1853 739 1905 vita
758 1852 887 1921 supersit,
908 1866 934 1908 ιο

77 1929 165 1981 Aonio
186 1929 293 1982 rediens
313 1930 446 1983 deducam
466 1932 567 1984 vertice
586 1931 686 1993 Musae,

78 2006 185 2057 Primus
207 2005 351 2060 Idumaeas
370 2007 486 2060 referum
505 2007 562 2070 tibi,
583 2007 703 2071 Mantua,
722 2005 833 2072 palmas,

78 2083 112 2135 Et
131 2082 209 2133 uiridi
227 2083 254 2134 iu
274 2100 370 2151 eampo
390 2084 522 2150 templum
542 2084 576 2134 de
595 2098 728 2132 umrmore
747 2097 845 2147 ponam

80 2159 193 2225 l'ropter
214 2177 318 2226 uquam,
340 2159 425 2212 tardis
444 2159 538 2224 ingens
556 2157 603 2207 ubi
621 2155 736 2206 flexibus
755 2159 829 2209 erret

78 2236 191 2288 Muretus
211 2244 239 2288 et
258 2243 353 2288 tenera
371 2233 508 2301 praetexit
526 2230 657 2282 uruudiue
676 2230 754 2297 ripas.
910 2248 936 2290 11

80 2314 109 2363 lu
130 2313 219 2364 medio
239 2310 306 2362 mihi
326 2310 426 2361 Caesar
444 2308 505 2371 erit,
525 2304 711 2372 templumque
730 2309 843 2362 tenebit.

79 2389 121 2440 11Ιί
140 2390 225 2440 vietor
245 2405 294 2454 ego
314 2391 342 2437 et
361 2384 439 2450 Tyrio
458 2386 618 2449 conspectus
637 2382 664 2434 iu
682 2387 756 2434 ostro

77 2465 193 2517 Centum
214 2462 388 2530 quadriiugos
407 2457 516 2526 agitabo
534 2456 569 2508 ud
588 2456 697 2511 ssumiua
715 2475 824 2525 eurrus;

77 2543 182 2594 (funeta
200 2539 273 2603 mihi,
295 2537 431 2605 Alpheum
451 2535 574 2601 linquens
593 2533 721 2600 liu-osque
740 2535 883 2603 Molorchi,

77 2618 205 2670 Cursibus
225 2620 253 2669 et
274 2613 358 2667 errulo
376 2612 506 2665 decernet
525 2609 637 2661 Grueeiu
655 2614 752 2662 caestu.
911 2632 938 2673 η

79 2694 147 2761 Ipse,
167 2697 247 2761 ezumt
266 2694 360 2744 tousue
379 2688 449 2740 soliis
468 2690 578 2739 ornatus
597 2686 691 2751 olivae,

78 2771 155 2823 lum
173 2773 265 2824 ferum.
306 2766 364 2819 lum
383 2781 453 2817 mure
472 2761 608 2813 sollemnis
628 2762 728 2815 ‹lueere
745 2780 860 2833 pompas

80 2848 123 2899 Ad
143 2847 257 2900 ‹lelubre
276 2846 350 2898 iuvet
368 2856 516 2907 euososquo
535 2837 627 2890 videro.
647 2839 780 2904 iuvenem,

77 2924 128 2976 Vel
148 2941 244 2977 scaeua
262 2928 293 2976 ut
311 2918 395 2972 versis
414 2914 536 2969 disemlut
554 2912 695 2971 frontibus,
715 2919 799 2982 utque

79 3002 219 3068 Purpureu
237 2997 335 3052 intexti
354 2995 450 3048 tollam
469 2990 563 3043 :urlueu
585 2990 713 3043 tir-tumui.
909 3016 937 3057 ς

79 3078 111 3130 Iu
131 3077 233 3130 foribus
251 3089 370 3143 pugnam
390 3088 423 3123 ex
442 3085 507 3123 uuro
526 3066 665 3133 solidoque
685 3066 828 3131 elephanto

79 3154 127 3209 qa,
174 3151 265 3202 vidum
282 3148 378 3201 fecium
397 3144 560 3207 vietorimpur
579 3158 654 3193 urum
674 3140 787 3204 (purim,
