2032 3524
366 125 549 175 AENEIDOS
567 128 635 177 LIB.
654 130 703 178 IX.
916 135 963 188 24?

113 201 254 271 [Vertitur
271 221 348 257 arma
364 209 469 275 tenens,
488 211 518 261 et
534 212 594 262 toto
611 204 713 264 iertice
732 229 814 280 supra
832 213 896 283 est].

114 278 173 331 Ceu
191 283 297 348 septem
315 298 430 348 surgens
447 284 551 337 sedatis
569 287 693 340 amnibus
711 288 783 342 altus
939 306 964 346 so

115 354 168 407 Per
187 357 301 408 tacitum
319 358 435 426 Ganges
453 364 501 413 aut
519 362 613 429 pingui
632 363 742 416 flumine
761 364 841 418 Nilus

115 432 184 483 Cum
202 432 293 486 refluit
311 435 412 502 carnpis
431 439 459 488 et
477 437 530 489 iam
548 455 578 491 se
596 440 718 493 condidit
736 441 820 494 alveo.

115 505 169 560 Hic
187 509 306 562 subitam
325 510 402 577 nigro
419 512 565 578 glomerari
583 515 695 582 pulvere
713 517 814 570 nubem

114 582 286 652 Prospiciunt
305 587 410 655 Teucri,
428 604 459 640 ac
476 591 605 643 tenebras
623 592 764 659 insurgere
783 596 892 663 campis

114 658 222 713 Primus
240 662 275 715 ab
293 662 408 716 adversa
425 666 575 719 conclamat
593 669 663 722 mole
682 669 792 724 Caicus:
938 689 963 727 ss

114 735 181 798 Quis
199 738 303 804 globus,
322 756 338 791 ο
356 740 436 807 cives,
454 742 569 809 caligine
587 743 706 796 volvitur
723 749 798 800 atra!

114 812 196 866 Ferte
214 815 263 866 citi
281 815 392 882 ferrum,
411 816 476 871 date
494 818 555 882 tela,
574 820 713 873 ascendite
731 838 833 877 muros.

115 889 211 943 Hostis
229 892 315 957 adest,
334 892 410 946 heia!
431 894 542 960 Ingenti
560 894 677 947 clamore
695 913 745 962 per
763 899 850 951 omnis

113 966 242 1020 Condunt
261 984 290 1021 se
309 969 405 1021 Teucri
424 975 524 1036 portas,
544 972 572 1022 et
590 973 697 1022 moenssn
715 972 849 1040 conplent.

112 1041 239 1109 Namque
257 1044 297 1095 ita
315 1043 458 1095 discedens
476 1049 655 1111 praeceperat
673 1050 801 1113 optumus
818 1051 901 1102 armis
936 1066 960 1103 eo

113 1119 234 1170 Aeneas:
254 1119 277 1170 si
296 1135 350 1185 qua
368 1119 475 1171 interea
492 1119 602 1171 fortuna
619 1119 731 1188 fnisset,

113 1193 175 1245 Neu
193 1197 301 1246 struere
319 1194 454 1246 auderent
472 1194 564 1258 aciem,
584 1212 638 1247 neu
656 1197 768 1250 credere
786 1215 896 1268 camp0;

112 1269 208 1321 Castra
226 1269 307 1322 modo
326 1273 354 1322 et
372 1272 448 1322 tutos
466 1276 608 1323 servarent
626 1288 727 1337 aggere
745 1290 844 1329 muros.

112 1346 193 1413 Ergo,
213 1346 265 1398 etsi
283 1347 406 1404 conferre
424 1363 534 1398 manum
552 1347 641 1413 pudor
658 1348 753 1416 iraque
771 1356 911 1420 monstrat,

111 1421 252 1474 Obiiciunt
269 1426 362 1490 portas
381 1426 473 1475 tamen
492 1426 521 1475 et
538 1427 684 1492 praecepta
701 1425 846 1495 facessunt,
936 1445 960 1482 45

112 1499 276 1565 Armatique
295 1499 366 1551 cavis
385 1502 545 1566 exspectant
562 1500 685 1553 turribus
702 1501 817 1557 hostem.

110 1575 223 1641 Tumus,
241 1579 354 1628 utente
372 1575 466 1628 volans
482 1576 591 1628 tardum
609 1582 795 1644 praecesserat
811 1595 918 1647 agmen,

111 1651 217 1717 Viginti
237 1652 315 1705 lectis
334 1653 457 1719 equitum
475 1652 621 1705 comitatus
640 1656 668 1705 et
685 1653 748 1707 urbi

111 1728 269 1796 inprovisus
287 1728 381 1794 adest;
399 1728 511 1781 maculis
530 1745 610 1795 quem
630 1729 759 1782 Thracius
777 1730 845 1784 albis

110 1802 207 1856 Portat
226 1820 319 1871 equus,
338 1805 477 1870 cristaque
496 1804 567 1871 tegit
583 1805 662 1871 galea
680 1821 762 1857 aurea
779 1805 869 1859 rubra.
934 1824 959 1860 so

111 1879 210 1946 Ecquis
226 1880 287 1941 erit,
303 1896 416 1944 mecum,
432 1880 550 1945 iuvenes,
567 1879 613 1946 qui
631 1880 736 1947 primus
751 1879 778 1930 in
791 1879 932 1934 hostem-·
949 1885 958 1937 t

110 1955 158 2019 En,
178 1955 223 2007 ait.
260 1955 296 2007 Et
314 1955 432 2007 iaculum
450 1957 611 2020 attorquens
629 1954 733 2006 emittit
750 1954 778 2005 in
795 1971 881 2021 auras,
930 1969 933 1975 '

110 2029 275 2097 Principium
294 2045 409 2096 pugnae,
428 2033 457 2080 ct
475 2045 569 2095 campo
587 2045 648 2080 sese
665 2028 768 2081 arduus
786 2029 876 2082 infert.

109 2105 236 2157 Clamore
254 2105 393 2171 excipiunt
411 2104 483 2167 socii,
500 2103 667 2168 fremituque
685 2105 838 2168 sequuntur

111 2181 280 2243 Horrisono;
299 2180 432 2231 Teucrum
451 2179 586 2230 mirantur
603 2176 703 2229 inertia
721 2175 816 2231 corda:
935 2198 959 2235 55

110 2258 171 2309 Non
190 2272 277 2322 aequo
296 2256 362 2307 dare
380 2270 409 2306 se
427 2269 529 2320 campo,
548 2269 600 2304 non
619 2251 698 2304 obvia
716 2252 788 2304 ferre

111 2335 196 2384 Arina
208 2333 288 2398 viros,
302 2332 351 2383 sed
363 2333 452 2382 castra
464 2329 561 2380 fovere.
590 2327 653 2380 Huc
665 2325 792 2380 turbidus
806 2332 890 2396 atque
904 2331 957 2385 huc

109 2410 222 2462 Lustrat
240 2425 310 2475 equo
329 2422 428 2472 muros,
447 2404 608 2468 aditumque
626 2418 676 2470 per
693 2401 753 2454 avia
771 2405 888 2470 quaerit.

112 2487 152 2538 dc
170 2484 254 2537 veluti
271 2483 352 2550 pleno
371 2481 451 2548 lupus
469 2477 613 2531 insidiatus
632 2477 695 2530 ovili

108 2562 177 2613 Cum
195 2559 289 2611 fremit
308 2557 343 2609 ad
361 2557 459 2621 cautas,
477 2557 574 2606 ventos
592 2570 738 2622 perpessus
756 2557 786 2608 et
805 2555 908 2624 imbris,
933 2571 959 2609 co

108 2637 132 2688 N
135 2641 195 2688 ecte
213 2650 296 2700 super
313 2631 417 2696 media;
436 2631 490 2684 tuti
509 2629 559 2683 sub
577 2629 712 2684 matribus
729 2633 792 2698 agni

110 2712 235 2764 Baletum
253 2711 397 2770 exercent3
414 2707 460 2759 illc
478 2723 558 2774 asper
575 2709 605 2761 et
622 2706 753 2775 inprobus
770 2708 811 2760 ira

107 2786 200 2840 Saevit
217 2786 245 2838 in
264 2783 400 2848 absentis;
417 2783 531 2836 collecta
547 2783 646 2851 fatigat
664 2783 765 2837 edendi

109 2864 152 2915 Ex
170 2862 250 2929 longo
269 2859 366 2927 rabies,
384 2863 413 2913 et
431 2859 518 2914 siccae
534 2860 665 2928 sanguine
682 2861 788 2912 fauces:

111 2936 197 2992 Haud
215 2937 295 2989 aliter
313 2936 416 2989 Rutulo
434 2952 526 2988 muros
543 2938 572 2989 et
589 2940 680 2990 castra
697 2934 788 2989 tuenti
812 2960 814 2964 ·
934 2948 959 2990 et

108 3016 258 3082 ignescunt
275 3012 347 3077 irae;
366 3011 443 3065 duris
461 3011 538 3066 dolor
555 3013 662 3065 ossibus
680 3012 769 3078 ardet,

107 3093 167 3156 Qua
185 3091 303 3156 temptet
320 3088 426 3142 ratione
443 3087 543 3155 aditus,
562 3093 591 3142 et
609 3105 680 3157 quae
697 3087 742 3140 via
759 3086 865 3140 clausos

106 3165 238 3220 Excutiat
256 3165 374 3219 Teucros
391 3163 463 3217 vallo
480 3165 565 3232 atque
582 3164 707 3218 effundat
723 3163 752 3217 in
770 3176 897 3232 aequum.
