2032 3524
85 120 112 169 11
309 122 337 168 P.
363 119 516 167 VERGILI
540 116 671 166 MARON
673 116 705 164 IS

83 201 238 254 Penlneant
256 200 363 268 aliquae
381 199 490 253 stabula
507 198 543 252 ad
562 198 694 266 Gortynia
711 211 815 251 vaceae.
908 212 933 250 eo

81 277 148 330 Tum
167 277 239 330 canit
261 276 444 344 Hesperidum
463 276 588 328 miratam
606 275 677 328 mala
693 272 827 342 puellam;

80 353 148 406 Tum
169 351 401 404 Phaethontiadas
418 367 510 427 musco
528 350 679 404 circumdat
696 364 806 402 amarae

80 431 209 496 Cartima}
222 434 306 496 atque
324 429 380 480 selo
397 444 524 495 proceras
543 426 625 494 erigit
643 428 726 505 alnos.

53 500 57 508 '
79 506 146 558 Tum
166 505 246 571 cauit,
264 509 401 558 errantem
421 505 556 557 Permessi
575 504 610 556 ad
629 504 740 556 flumina
758 504 867 559 Gallum

80 583 172 634 Aonas
190 581 336 656 iumentis
355 584 386 634 ut
404 580 514 633 duxerit
531 597 585 632 una
603 597 734 647 sororum,
906 594 931 634 ee

79 657 173 726 thue
191 657 249 710 viro
268 656 372 709 Phoebi
391 657 488 709 chorus
507 656 693 709 adsurrexerit
711 659 814 720 ornnis;

79 735 118 787 Ut
137 734 222 786 Linus
238 733 305 785 haec
324 732 371 799 illi,
390 732 481 785 divino
498 732 616 784 carmine
634 736 733 800 pastor,

80 809 203 862 Ploribus
221 813 305 876 atque
324 809 385 876 apio
404 808 486 861 erinis
504 810 617 860 ornatus
635 824 733 872 amare,

79 885 202 938 Dixerit:
224 885 283 938 Hes
301 884 350 938 tibi
370 885 436 937 (lant
454 884 577 951 calamos,
595 900 629 937 en
647 885 744 952 accipe,
766 887 869 950 Musae,

80 964 197 1014 Ascraeo
216 977 284 1030 quos
302 965 366 1013 ante
385 961 451 1027 seni,
470 959 569 1027 quibus
588 959 634 1012 ille
652 958 757 1013 solebat
904 975 929 1016 ⁷⁰

78 1037 219 1090 Cantando
237 1037 339 1104 rigidas
357 1037 494 1089 deducere
511 1034 649 1087 montibus
667 1052 753 1089 ornos,

78 1113 130 1166 llis
149 1113 199 1166 tibi
218 1113 318 1180 Grynei
337 1112 455 1165 nemoris
473 1112 581 1165 dicatur
598 1112 681 1178 origo,

78 1190 119 1242 Ne
138 1190 198 1259 quis
217 1190 252 1242 sit
270 1189 353 1255 lucus,
372 1207 425 1255 qno
444 1207 472 1241 se
491 1189 551 1256 plns
569 1189 653 1242 iactet
673 1190 777 1257 Apelle.

77 1267 148 1329 Quid
167 1267 268 1333 loquar,
287 1269 334 1317 aut
353 1264 466 1330 scyllam
488 1265 554 1332 Nisi,
572 1282 653 1333 quam
671 1265 743 1317 forna
762 1270 855 1320 secuta
873 1269 916 1320 est

77 1342 200 1394 Candida
218 1341 381 1394 succinctam
400 1340 564 1392 latrantibus
581 1341 693 1407 inguina
711 1343 838 1394 monstris
902 1355 927 1396 re

77 1417 214 1471 Dulichias
232 1433 345 1470 vexasse
363 1419 437 1468 rates
455 1421 484 1469 et
500 1416 610 1483 gurgite
629 1417 657 1468 in
675 1416 730 1468 alto

78 1494 136 1547 hh!
156 1493 266 1547 timidos
284 1496 381 1545 nautas
398 1491 509 1545 canibus
528 1492 660 1545 lacerasse
678 1493 798 1557 marinis,

77 1574 136 1623 hut
154 1573 185 1622 ut
203 1573 322 1622 mutatos
341 1568 419 1621 Terei
438 1569 589 1621 narraverit
607 1573 690 1634 artus,

77 1647 149 1710 Quas
167 1647 206 1698 illi
224 1645 372 1698 Philomela
391 1645 487 1712 dopres,
506 1662 575 1712 quae
595 1645 666 1697 dona
683 1648 793 1710 pararit,

78 1723 135 1784 Quo
154 1739 234 1774 cursu
253 1722 364 1774 deserta
381 1721 517 1789 petiverit,
537 1725 565 1772 et
583 1720 682 1788 quibus
700 1724 765 1774 ante
903 1738 928 1777 eo

77 1798 175 1850 Infelix
194 1814 242 1849 sua
260 1801 333 1850 tecta
351 1796 588 1863 supervolitaverit
606 1796 677 1849 alisi

77 1874 179 1939 Cumis,
199 1890 276 1940 quae,
295 1872 405 1925 Phoebo
425 1873 562 1940 quondam
582 1871 741 1937 meditante,
759 1873 858 1926 beatus

77 1950 174 2001 Audiit
194 1950 310 2001 Eurotas
328 1948 460 2015 iussitque
479 1947 600 2002 ediscere
618 1948 716 2013 laurus,

77 2026 127 2077 llle
146 2027 235 2077 canit:
252 2025 346 2092 pulsae
365 2024 488 2076 referunt
507 2024 541 2076 ad
561 2024 652 2077 sidera
670 2023 768 2086 valles;

76 2102 179 2169 Cogere
198 2100 283 2154 donec
301 2100 357 2153 ovis
376 2100 491 2153 stabulis
509 2117 706 2168 numerumque
724 2095 821 2154 referri
902 2117 926 2156 er

76 2177 161 2231 Iussit
178 2180 207 2230 01
224 2177 309 2230 invito
327 2176 458 2244 precessit
475 2176 583 2242 Vesper
602 2175 723 2241 Olympo.

358 2342 542 2398 ECLOGA
567 2342 642 2396 VII.

391 2445 607 2493 MELIBOEUs.

259 2548 427 2588 usnrsouus.
453 2550 589 2588 eonvuon.
615 2550 741 2591 ruvasrs.

76 2631 116 2684 M.
137 2632 231 2683 Penus
250 2628 300 2683 sub
318 2634 415 2696 arguta
433 2629 595 2682 consederat
613 2630 674 2683 ilice
693 2630 822 2698 Daphnis,

76 2706 323 2773 Compulerantque
341 2700 438 2772 gr'cges
458 2705 583 2772 Corydon
603 2710 632 2759 01
650 2706 760 2773 Thyrsis
778 2707 804 2759 in
823 2723 915 2774 unum,

75 2782 184 2850 Thyrsis
203 2781 267 2841 evis,
288 2781 412 2848 Corydon
431 2781 566 2836 distentas
585 2783 656 2835 lacte
674 2782 798 2850 capellas,

76 2858 165 2910 Ambo
184 2858 311 2911 fiorentes
329 2858 474 2924 aetatibus,
495 2861 619 2911 Arcades
637 2858 723 2927 ambo,

75 2934 240 2986 recantare
259 2951 345 3001 pares,
363 2938 392 2986 et
411 2935 576 3002 respondere
595 2935 690 3002 parati.
914 2950 928 2988 e

76 3010 138 3062 Huc
157 3011 228 3075 mihi,
248 3011 313 3064 dum
332 3015 441 3064 teneras
459 3011 610 3064 defendes
628 3012 729 3079 frigore
747 3014 856 3078 myrtos,

76 3084 126 3139 Vir
138 3087 228 3154 gregis
240 3087 299 3155 ipse
311 3103 392 3155 caper
403 3087 592 3153 deerraverat3
610 3092 694 3155 atque
706 3104 757 3154 ego
769 3086 907 3154 Daphnim

77 3163 194 3232 Aspicie.
232 3165 284 3218 llle
302 3164 348 3217 ubi
367 3181 410 3217 me
428 3167 522 3217 centra
539 3164 632 3216 videt:
652 3164 742 3228 Ocius,
762 3162 856 3229 inquit,
