2032 3524
353 124 536 172 AENEIDOS
554 125 622 172 LIB.
643 125 664 173 Ι.
902 125 933 177 97

79 206 183 259 Scindit
201 222 231 258 se
248 205 335 259 nubes
353 210 382 260 et
399 206 427 257 in
445 205 558 259 aethera
576 209 676 273 purgat
694 209 828 273 apertum.

82 282 194 335 Restitit
213 282 322 334 Aeneas
340 282 467 350 claraque
484 282 513 334 in
532 281 593 335 luce
612 282 727 350 refulsit,

80 358 117 410 Os
135 358 316 424 humerosque
334 357 387 410 deo
405 358 515 423 similis;
535 375 653 425 namque
672 359 730 425 ipsa
747 359 874 412 decoram

79 434 232 487 ansariem
250 438 314 487 nato
333 435 459 501 genetrix
477 435 623 502 lumenque
641 435 767 487 iuventae
899 448 935 488 ton

80 510 252 578 Purpureum
271 513 300 562 et
317 511 404 563 laetos
424 511 507 562 oeulis
526 510 642 564 adflarat
660 511 788 564 honores:

81 585 167 649 Quale
187 603 281 638 manus
300 587 407 639 addunt
426 587 500 639 ebori
520 587 611 653 decus,
630 592 678 640 aut
696 587 744 640 ubi
761 588 831 640 flavo

79 662 235 728 Argentum
254 661 384 714 Pariusve
401 662 470 730 lapis
489 662 675 716 circumdatur
692 680 766 720 aure.

79 737 147 790 Tum
166 739 202 790 sic
220 739 342 804 reginam
361 739 525 806 adloquitur,
543 741 701 808 cunctisque
719 743 832 808 repente

78 813 236 880 inprovisus
255 814 306 867 ait:
332 814 438 879 Coram,
456 832 538 883 quem
557 816 697 883 quaeritis,
716 816 819 882 adsum,
899 831 934 869 ⁵95

79 889 174 942 Troius
193 890 436 975 Aeneashlribyeis
455 895 566 959 ereptus
585 891 619 943 ab
638 891 727 946 undis.

79 963 102 1015 O
121 965 177 1017 sola
194 966 320 1018 infandos
339 967 435 1019 Troiae
454 969 583 1020 miserata
601 967 715 1034 labores,

79 1038 154 1102 Quae
171 1057 226 1107 nes,
245 1041 373 1108 reliquias
392 1042 524 1106 Danaum,
542 1048 687 1109 terraeque
705 1044 842 1110 marisque

79 1115 211 1168 Omnibus
229 1117 375 1168 exhaustos
394 1117 446 1169 iam
464 1119 577 1183 casibus,
597 1119 716 1170 omnium
736 1135 841 1186 egenos,

79 1191 162 1257 Urbe,
181 1192 268 1256 domo,
289 1193 381 1255 socias,
399 1199 492 1258 grates
511 1193 668 1259 persolvere
688 1193 784 1260 dignas
896 1211 932 1249 tuo

78 1267 103 1318 N
106 1284 140 1319 on
158 1268 216 1335 opis
235 1271 277 1320 est
295 1272 411 1333 nostrae,
432 1269 511 1333 Dido,
531 1286 579 1322 nee
600 1269 733 1337 quidquid
752 1269 854 1337 ubique
872 1275 915 1324 est

79 1341 175 1395 Gentis
194 1343 355 1410 Dardaniae,
373 1361 500 1411 maguum
520 1362 589 1413 quae
609 1362 702 1413 sparsa
720 1363 770 1413 per
788 1345 889 1400 orbem.

79 1418 113 1470 bi
132 1418 189 1486 tibi,
208 1420 230 1471 si
248 1437 302 1487 qua
320 1421 378 1487 pios
397 1426 553 1488 respectant
572 1422 689 1488 numina,
708 1422 731 1474 si
750 1421 817 1490 quid

78 1494 200 1562 Usquam
218 1496 322 1548 iustitia
340 1501 382 1549 est
401 1500 430 1550 et
448 1514 524 1550 mens
542 1499 594 1551 sibi
613 1499 719 1550 conscia
737 1498 812 1564 recti,

80 1569 202 1624 Praemia
214 1571 297 1638 digna
309 1572 405 1626 ferant.
445 1573 519 1637 Quae
533 1580 561 1627 te
575 1584 631 1627 tam
646 1574 718 1627 laeta
730 1575 853 1627 tulerunt
896 1589 932 1627 eoo

78 1646 206 1701 Saecula?
228 1648 274 1714 qui
293 1649 362 1700 tanti
382 1650 463 1702 talem
482 1668 602 1717 genuere
620 1652 764 1718 parentes?

80 1722 111 1773 ln
129 1722 201 1775 freta
220 1723 284 1774 duni
303 1723 374 1776 fluvii
394 1732 511 1786 current,
530 1727 596 1778 dum
615 1725 753 1779 montibus
772 1724 884 1778 umbrae

79 1797 247 1851 Lustrabunt
265 1816 391 1864 convexa,
410 1802 487 1869 polus
506 1803 571 1855 dum
592 1803 682 1856 sidera
699 1805 800 1871 pascet,

77 1873 189 1941 Semper
206 1875 291 1926 honos
309 1891 463 1943 nomenque
481 1882 558 1930 tuum
577 1879 726 1946 laudesque
745 1877 901 1944 manebunt,

62 1989 64 1992 ι
78 1949 152 2012 Quae
164 1967 207 2002 me
220 1966 335 2016 cunique
348 1957 445 2004 vocant
458 1957 555 2005 terrae.
591 1954 635 2006 Sic
648 1955 855 2020 fatus,amieu1n
895 1969 931 2006 oio

78 2025 181 2087 llionea
200 2026 271 2091 petit
290 2025 395 2090 dextra,
415 2026 545 2094 laevaque
566 2029 712 2095 Serestum,

79 2101 145 2153 l'ost
163 2101 236 2165 alios,
255 2100 409 2167 fortemque
429 2103 512 2168 Gyan,
532 2104 687 2171 fortemque
706 2105 877 2160 Cloanthum.

112 2176 251 2242 Obstipuit
270 2177 357 2243 primo
376 2182 488 2245 aspectu
507 2178 618 2231 Sidonia
638 2179 715 2245 Dido,

78 2253 148 2306 Casu
167 2252 267 2304 deinde
285 2253 336 2306 viri
354 2258 439 2318 tanto,
459 2257 488 2306 et
506 2255 544 2307 sic
562 2271 609 2306 ore
627 2253 718 2307 locuta
736 2257 792 2307 est:

78 2329 143 2391 Quis
162 2332 199 2395 te,
217 2334 281 2381 nate
300 2328 358 2395 dea,
377 2346 426 2396 per
446 2332 522 2382 tanta
539 2331 659 2398 pericula
677 2347 754 2384 casus
896 2347 931 2384 sia

79 2405 255 2472 Insequiturl
282 2422 352 2472 quae
371 2405 411 2457 vis
430 2406 583 2459 inmanibus
602 2406 721 2474 adplicat
739 2406 807 2459 orisl

78 2481 152 2532 Tune
171 2480 217 2532 ille
238 2483 351 2546 Aeneas,
371 2498 451 2548 quem
471 2482 610 2535 Dardanio
631 2483 768 2536 Anchisae

78 2556 160 2609 Alma
178 2557 272 2611 Venus
292 2559 401 2626 Phrygii
418 2558 515 2624 gennit
534 2559 680 2613 Simoentis
699 2559 734 2611 ad
752 2559 870 2612 undaml

78 2636 171 2700 Atque
190 2633 318 2701 equidem
337 2635 470 2686 Teucrum
489 2635 599 2687 memini
618 2635 718 2688 Sidona
736 2635 828 2687 venire

79 2708 190 2761 Finibus
209 2709 351 2777 expulsum
369 2710 472 2777 patriis,
492 2727 561 2763 nova
578 2728 662 2777 regna
680 2715 819 2778 petentem
896 2723 933 2762 ono

79 2784 189 2836 Auxilio
208 2784 284 2848 Beli;
303 2787 410 2851 genitor
430 2790 488 2839 tum
507 2786 590 2838 Belus
608 2788 724 2853 opimam

81 2858 215 2912 Vastabat
234 2859 359 2927 Cyprum,
377 2865 406 2914 et
424 2861 510 2914 victor
528 2861 633 2914 dicione
651 2862 770 2915 tenebat.

80 2935 212 3002 Tempore
230 2934 283 2986 iam
302 2952 336 2988 ex
354 2937 399 2988 illo
418 2953 495 2989 casus
514 2936 580 2988 mihi
599 2938 723 3003 cognitus
741 2935 816 2999 urbis

80 3011 211 3063 Troianae
229 3027 380 3078 nomenque
400 3015 477 3064 tuum
495 3029 630 3080 regesque
651 3013 764 3078 Pelasgi.

81 3087 145 3153 lpse
163 3086 250 3139 hostis
268 3087 385 3139 Teucros
403 3087 499 3152 insigni
518 3088 599 3141 laude
617 3088 731 3154 ferebat,
806 3120 809 3124 ι
897 3102 931 3142 aas

81 3162 171 3228 Seque
188 3167 285 3223 ortum
297 3161 432 3229 antiqua'
565 3177 592 3208 m
610 3162 646 3215 ab
664 3165 749 3230 stirpe
769 3164 884 3220 volebat.
