2032 3524
339 130 536 179 Berulenq
556 130 631 178 ECL.
651 130 703 178 111.
935 136 949 178 5

94 209 159 278 Nee,
178 211 201 264 si
220 210 378 264 muneribus
396 214 493 278 certes,
512 211 643 265 concedat
663 211 753 264 Iollas.

95 286 166 354 Heu,
185 287 245 352 heu,
265 287 333 354 quid
350 287 421 340 volui
440 288 542 341 misero
560 287 641 341 mihi!
662 287 774 340 floribus
792 291 916 341 austrum

94 361 223 416 Perditua
243 367 272 416 ct
290 362 401 430 liquidis
420 363 510 416 inmisi
529 363 650 416 fontibus
669 380 755 432 apros.

93 439 178 504 Quem
198 439 277 506 fugis,
297 439 338 505 ah,
359 439 490 492 daurons?
509 440 669 492 habitarunt
688 440 716 490 di
735 457 844 507 quoque
862 441 944 494 silvas

93 514 303 584 Dardaniusque
324 516 407 568 Paris.
447 516 543 583 Pallas,
563 533 631 584 quas
650 515 773 568 condidit
791 533 873 583 arces,
926 533 950 570 or

93 591 158 660 Ipsa
175 593 265 655 colat;
285 591 363 644 nobis
381 592 508 659 placeant
526 596 590 645 ante
609 594 699 645 omnia
717 593 805 645 silvae.

92 669 180 723 Torva
197 669 292 722 leaena
310 668 404 735 lupum
424 671 565 736 sequitur;
582 669 662 737 lupus
680 670 738 738 ipse
756 670 904 737 capellam;

92 745 251 800 Florentem
269 745 384 813 cytisum
405 746 529 814 sequitur
547 745 647 798 lasciva
665 746 783 814 capella;

92 821 130 876 Te
143 822 277 890 Corydon,
290 839 306 874 o
320 821 416 875 Alexi:
430 821 516 874 trahit
526 839 575 875 sua
588 839 725 891 quemque
738 823 873 889 voluptas.
926 836 950 875 aa

94 899 202 967 Aspice,
220 901 313 952 aratra
330 898 393 965 iugo
413 899 537 951 referunt
556 915 686 966 suspensa
704 898 817 964 iuvenci,

94 975 129 1028 nt
147 975 186 1029 sol
206 975 353 1028 crescentis
373 974 509 1027 decedens
528 974 648 1043 duplicat
666 974 794 1027 umbras:

92 1052 139 1104 Me
157 1055 250 1106 tamen
267 1052 324 1104 urit
342 1069 434 1117 amor;
453 1052 514 1119 quis
533 1051 604 1104 enim
622 1052 719 1104 modus
737 1051 810 1103 adsit
827 1051 932 1105 amorii

93 1128 147 1195 Ah,
167 1128 302 1196 Corydon,
322 1128 455 1194 Corydon,
474 1145 544 1195 quae
563 1131 591 1180 to
610 1127 749 1180 dementia
767 1127 855 1194 cepit!

93 1204 267 1272 Semiputata
285 1203 336 1256 tibi
355 1203 483 1256 frondosa
501 1205 565 1257 vitis
583 1204 611 1255 in
628 1203 702 1255 ulmo
721 1207 769 1255 est.
924 1217 949 1257 re

93 1280 164 1344 Quin
184 1284 216 1332 tu
234 1279 338 1346 aliquid
357 1279 454 1332 saltem
472 1280 571 1348 potius,
589 1295 704 1347 quorum
722 1278 830 1346 indiget
847 1294 919 1346 usim,

94 1355 250 1409 Viminibus
268 1355 396 1423 mollique
414 1372 494 1422 paras
513 1356 644 1408 detexere
661 1355 757 1409 iuneol

94 1430 221 1486 Invenies
239 1431 330 1499 aliam,
347 1431 371 1484 si
389 1434 418 1484 te
436 1431 480 1484 hio
497 1431 612 1497 fastidit,
632 1431 750 1484 Alexim.

378 1641 566 1700 ECLOGA
596 1641 657 1698 ΙΙΙ.

415 1758 627 1807 PALAEMON.

261 1882 414 1921 mnesteus.
440 1879 595 1919 DAMODTAS.
620 1879 779 1918 PALAEMON.

92 1975 134 2030 M.
154 1976 206 2030 D1e
224 1977 298 2042 mihi,
317 1977 458 2042 Damoeta,
477 1976 567 2029 cuium
585 1977 686 2043 pecusl
704 1991 738 2027 an
758 1975 906 2029 Meliboeil

89 2051 126 2104 D.
147 2053 171 2103 N
174 2069 216 2118 on,
235 2068 329 2104 verum
349 2052 489 2118 Aegonis;
506 2068 594 2116 nuper
612 2050 678 2101 mihi
696 2050 814 2103 tradidit
834 2053 938 2118 Aegon.

88 2126 129 2179 M.
151 2127 249 2180 infelix
268 2144 283 2179 o
302 2144 418 2195 semper,
436 2127 500 2192 ovis,
520 2125 617 2193 pecus!
637 2125 695 2191 ipse
714 2125 849 2178 Neaeram

89 2202 160 2255 Dum
179 2204 260 2268 fovet,
279 2220 317 2271 ae,
336 2219 371 2257 ne
389 2219 433 2256 mo
451 2202 502 2255 sibi
521 2202 659 2270 praeferat
677 2201 730 2266 illa,
748 2205 866 2268 veretur,

88 2279 141 2333 Hie
160 2280 264 2333 alienus
283 2279 339 2332 ovis
358 2283 449 2333 custos
467 2279 510 2332 bis
528 2279 634 2344 mulget
651 2277 679 2329 in
698 2277 772 2344 hora,
935 2290 947 2326 s

89 2355 123 2408 lit
141 2373 221 2409 sucus
239 2357 330 2424 pecori
351 2360 380 2409 ot
397 2357 438 2409 lae
458 2355 620 2409 subducitur
639 2354 721 2422 agnis.

60 2433 123 2486 -D.
143 2433 254 2486 Parcius
272 2432 326 2485 ista
343 2433 408 2485 viris
426 2437 518 2485 tamen
539 2430 691 2483 obiicienda
708 2433 852 2483 memento.

48 2510 225 2576 JNovimus,
244 2509 339 2577 etqui
358 2513 394 2575 te,
415 2513 569 2562 transversa
590 2505 732 2560 tuentibus
751 2505 838 2572 hircio,

89 2586 124 2638 Dt
141 2585 280 2654 quo-scd
298 2585 389 2638 faciles
409 2584 552 2652 Nymphae
572 2583 800 2638 risere-sacello.

48 2685 74 2712 x
89 2661 128 2714 M.
148 2663 224 2728 Tum,
242 2663 332 2726 credo,
351 2679 412 2714 cum
430 2678 474 2714 mc
493 2661 635 2713 arbustum
654 2661 747 2713 videre
765 2656 880 2710 Miconis
924 2670 946 2706 ιο

88 2739 183 2806 Atque
201 2739 272 2791 mala
290 2738 354 2790 vitis
372 2737 492 2790 incidere
512 2737 582 2790 falce
601 2737 727 2790 novellas.

88 2815 124 2868 D.
144 2818 203 2867 Aut
220 2815 264 2867 hie
282 2815 318 2868 ad
336 2813 438 2866 veteris
457 2814 533 2881 fagos
551 2831 611 2867 cum
632 2811 785 2881 Daphnidis
802 2823 894 2861 aroma

88 2891 208 2959 Fregisti
227 2895 255 2945 ot
274 2892 407 2945 calamos:
428 2907 498 2958 quae
517 2894 555 2957 tu,
573 2906 702 2958 perverse
722 2885 852 2949 llionalm,

78 2961 133 3036 ht,
150 2985 211 3022 cum
229 2969 323 3022 vidisti
343 2983 428 3035 puero
448 2967 556 3032 donata,
576 2965 695 3030 dolebas,

62 3076 76 3084 -
88 3045 136 3109 Et,
154 3045 177 3098 si
197 3062 250 3098 non
269 3045 360 3111 aliqua
377 3042 521 3109 nocuisses,
539 3046 664 3094 mortuus
683 3055 763 3092 esses.
922 3049 946 3087 15

89 3120 131 3174 M.
151 3120 223 3186 Quid
242 3119 344 3172 domini
362 3117 471 3184 faciant,
490 3117 593 3170 audent
610 3132 671 3169 cum
689 3114 756 3167 talia
772 3114 861 3165 fures!

90 3195 153 3249 Non
171 3199 268 3262 egeto
286 3194 342 3247 vidi
362 3192 499 3258 Damonis,
517 3193 641 3260 pessime,
659 3207 770 3258 caprum
