2032 3524
84 110 129 159 118
323 110 352 158 P.
371 110 526 159 VEBGILI
543 110 712 161 MARONIS

82 187 187 242 Eruerc
203 190 337 257 agrieolae
354 192 495 255 certatim;
512 191 558 244 illa
575 209 663 261 usque
680 195 802 248 urinatur

82 264 118 317 lu
136 267 296 321 tremefactu
315 284 418 320 commu
436 285 566 323 concusso
584 271 686 324 vertice
703 275 791 338 nutet,

82 342 246 396 Vulneribus
265 343 351 397 donec
368 345 499 413 paulatim
518 347 606 398 evicta
623 363 780 414 supremum

82 420 242 485 Corrgemuit
260 422 401 489 traxitque
419 422 491 487 iugis
508 422 599 474 avolsa
617 423 729 475 ruinam.

83 495 231 563 Descende,
249 513 281 550 ac
298 497 416 550 ducente
435 497 486 549 deo
505 497 640 550 ilammam
659 499 731 551 inter
751 503 780 552 ot
797 499 885 554 hostis

81 573 233 640 Expedinr;
251 574 319 626 daut
336 574 393 626 telo
412 574 507 637 locum,
527 574 706 643 ilmmnacqne
724 575 866 629 recedunt.

116 651 209 717 Atque
228 650 275 702 ubi
293 650 347 702 iam
365 650 471 717 patriae
488 658 649 717 perventum
667 650 704 703 ad
720 650 814 703 limina
832 651 908 705 sedis

82 727 273 795 Antiquusque
285 727 387 791 domos,
399 727 515 793 genitor,
528 744 611 794 quern
622 727 719 780 tollere
730 728 758 779 in
770 728 841 781 altos
899 743 936 783 see

80 802 216 869 Optabam
235 804 352 870 prinlum
371 803 471 856 mentis
490 803 662 872 primumque
679 803 817 871 petcbmn,

81 878 208 947 Abnegat
227 880 317 932 excisa
335 880 417 932 vitam
436 879 588 947 producere
606 880 685 932 Troia
818 871 823 879 ’

81 955 268 1024 Exsiliumque
285 957 349 1024 pati
387 956 446 1008 Vos
463 972 488 1020 ο,
505 956 605 1023 quibus
621 957 729 1023 integer
747 956 812 1009 aevi'

80 1033 200 1100 sangine,
219 1033 264 1097 ait,
284 1032 441 1101 solidaeque
459 1049 508 1084 erro
526 1036 600 1084 stant
619 1031 716 1084 roboro
733 1031 812 1098 vires,

79 1107 136 1161 Vos
155 1110 257 1176 agitato
275 1109 376 1176 stipam.
895 1123 933 1163 w

80 1184 125 1238 llic
144 1186 165 1237 si
184 1185 325 1238 caelicolae
344 1185 493 1238 voluissent
511 1185 611 1238 dooere
630 1185 720 1253 vitam,

81 1262 138 1314 llas
157 1263 221 1314 milri
241 1266 396 1314 serrassent
414 1261 499 1313 sedes.
536 1261 611 1314 Satis
628 1278 682 1314 mm
700 1278 837 1330 superque

79 1338 204 1390 Vidimus
222 1337 342 1390 exscidia
360 1342 389 1390 et
406 1342 502 1404 criptae
521 1338 705 1404 supersumus
723 1338 793 1392 urbi.

79 1415 124 1467 Sic
141 1433 163 1478 o,
183 1415 222 1466 sic
239 1413 357 1480 positmn
376 1412 461 1465 adfati
481 1413 612 1466 discedite
630 1431 734 1482 corpus

80 1491 142 1558 Ipse
161 1506 243 1542 rrrann
260 1494 377 1541 mortem
395 1489 545 1553 inveniam;
564 1489 739 1542 miserebitur
757 1491 843 1545 hostis
894 1506 933 1547 ess

78 1567 249 1635 Exuviasque
267 1569 359 1633 potet;
379 1566 464 1618 facilis
481 1566 585 1618 iactura
604 1566 748 1634 sepulchri.

79 1643 138 1696 lam
156 1642 262 1711 pridem
282 1642 383 1694 inrisus
402 1642 472 1695 diris
489 1646 519 1695 ct
537 1642 642 1695 inutilis
659 1659 744 1696 annes

79 1719 218 1785 immoror,
237 1736 269 1771 cx
290 1735 343 1785 quo
361 1735 405 1770 me
423 1718 513 1770 divom
531 1722 611 1786 pater
627 1723 711 1786 atque
726 1719 865 1773 homiuum
882 1736 932 1774 rex

79 1795 210 1847 Fulminis
228 1794 339 1846 udlluvit
357 1795 446 1847 sentis
464 1799 492 1847 et
510 1795 626 1862 contigit
643 1795 706 1862 igni.

112 1872 186 1924 Talia
205 1871 345 1938 perstabat
363 1887 521 1937 memorans,
539 1871 664 1938 fixusque
682 1873 819 1925 mancini.
896 1886 942 1927 σο·

78 1947 103 1999 N
106 1963 135 1999 es
153 1952 247 2000 contra
266 1948 342 1999 effusi
360 1947 478 1999 lacrimis
496 1947 668 2015 coniunxque
686 1949 789 2001 Creusa

79 2025 266 2092 Ascaniusque
285 2026 425 2091 ornnisque
443 2023 546 2087 doinus,
567 2041 600 2077 ne
618 2028 726 2077 vertere
744 2034 835 2078 seeum

78 2101 182 2154 Cirrreta
199 2105 279 2169 pater
296 2102 408 2169 satoque
425 2101 553 2168 urguenti
571 2100 728 2153 incumbere
745 2100 836 2155 vellet.

79 2177 214 2246 Abnegat,
233 2179 394 2246 inceptoque
413 2181 441 2230 ot
460 2176 569 2230 sedibus
587 2176 684 2228 haeret
701 2176 729 2228 in
747 2175 840 2230 isdem.

79 2254 182 2308 Rursus
195 2255 221 2306 iu
235 2272 310 2307 anim
322 2256 399 2317 feror,
413 2258 584 2320 morteruque
597 2253 764 2305 miserrimus
776 2256 847 2320 opto,
894 2266 933 2307 ets

78 2332 148 2384 Nom
168 2331 241 2397 qnod
259 2331 398 2383 c‹msilium
417 2334 465 2382 aut
483 2346 554 2397 quae
572 2329 626 2381 iam
643 2328 752 2381 fortuna
770 2327 905 2384 dabaturl

78 2407 159 2460 Mene
178 2407 274 2459 eilcrre
292 2406 397 2474 podem,
416 2405 530 2472 genitor,
550 2409 578 2458 te
596 2422 675 2474 pesse
693 2405 789 2457 relicto

78 2483 207 2550 sperasti,
227 2486 388 2549 tantumque
407 2482 482 2533 nefus
499 2482 589 2548 patrie
608 2480 710 2534 excidit
728 2482 792 2533 orei

78 2559 105 2610 ai
124 2558 188 2609 nihil
207 2574 240 2609 cx
259 2561 337 2609 tauta
356 2557 468 2625 Superis
486 2558 575 2624 placet
593 2556 661 2610 urbe
679 2556 803 2623 relinqui,

80 2634 114 2685 Et
133 2632 211 2686 sedet
229 2632 279 2684 hoc
296 2632 394 2699 animo,
413 2633 606 2700 perituraeque
625 2632 728 2685 addere
747 2632 842 2685 Troiae
895 2646 933 2685 uri

78 2709 170 2777 Teque
188 2713 304 2776 tuosque
321 2708 403 2773 iuvat,
422 2712 499 2775 patet
518 2709 562 2760 isti
581 2708 740 2773 amuleto,

78 2785 192 2853 Iamque
211 2784 300 2837 aderit
319 2784 405 2837 multo
425 2784 524 2836 Priami
543 2784 579 2836 de
597 2784 726 2850 sangnine
746 2783 873 2851 Pyrrhus,
906 2826 909 2831 .

79 2861 197 2914 Gnatum
210 2864 274 2913 ante
287 2877 335 2913 era
347 2861 441 2928 patris,
454 2864 560 2926 patrem
574 2860 620 2927 qui
633 2859 778 2912 obtruncat
790 2859 906 2913 aderas

81 2937 140 2990 Hoc
158 2940 224 2999 crat,
242 2936 313 2988 alma
330 2952 435 3001 parcns,
455 2935 528 3001 quod
547 2952 589 2987 me
607 2951 658 3002 per
675 2935 740 3001 tela,
758 2950 808 3002 per
825 2934 898 3000 ignis

78 3012 175 3081 Eripis,
193 3016 224 3064 ut
242 3011 339 3064 mediis
357 3011 462 3063 hostem
480 3011 507 3061 in
525 3011 718 3076 penetralibus,
735 3014 821 3077 utque
896 3024 935 3063 (ω

79 3088 224 3140 Ascanium
242 3092 404 3156 putremque
422 3102 512 3138 meum
531 3085 661 3152 iuxtaque
680 3085 809 3139 Creusam

78 3162 206 3217 Alterum
224 3162 252 3215 iu
270 3162 383 3215 ulterius
400 3163 534 3214 mactatos
553 3162 683 3227 sanguine
700 3161 826 3215 cernensi
