2032 3524
326 108 530 156 GEORGIOON
548 108 617 156 LIB.
636 107 689 155 III.
904 108 935 152 53

81 188 177 257 Atque
194 188 238 242 hie
255 187 405 241 undantem
424 188 495 241 bello
514 205 698 256 magnumque
716 187 845 239 fluentem

79 263 174 316 Nilum
192 281 224 317 ac
242 265 330 318 navali
350 265 487 331 surgentis
506 281 569 317 aere
588 264 731 318 columnas.

80 340 192 393 Addam
211 340 292 393 urbes
312 341 396 392 Asiae
415 340 533 392 domitas
552 341 713 407 pulsumque
733 339 871 406 Niphaten
910 350 937 390 aa
994 344 995 347 ’

79 417 279 484 Fidentcmquc
298 416 362 482 fuga
382 416 515 468 Parthum
534 417 675 482 versisque
694 417 808 482 saginis,

79 493 115 547 Ilt
134 492 189 545 duo
208 497 287 561 rapta
306 509 388 544 manu
408 491 516 545 diverso
536 510 570 545 ex
588 491 668 544 hoste
685 496 798 560 tropaea

79 570 181 638 Bisque
200 569 382 637 triumphatas
401 573 520 636 utroque
539 569 574 621 ab
592 568 673 621 litore
691 569 788 634 gentis.

61 656 63 661 ’
79 647 199 699 Stabunt
217 648 247 698 et
266 645 338 697 Parii
357 644 467 713 lapides,
487 646 619 714 spirantia
635 644 721 712 signa,

80 721 207 775 Assaraci
225 722 316 790 proles
335 721 525 790 demissaeque
544 722 578 774 ab
599 721 664 775 Iove
681 721 776 788 gentis
911 736 935 774 35

79 799 203 862 Nomina,
223 798 345 866 Trosque
364 814 471 866 parens,
491 803 519 850 ct
538 798 634 850 Troiae
653 797 785 864 Cynthius
802 801 903 850 auctor.

82 874 187 927 Invidia
205 874 299 928 infelix
320 874 416 927 Furias
435 879 597 942 amncniqne
616 891 739 926 severum

79 951 173 1018 (lecyti
192 955 298 1004 metuet
318 955 461 1018 tortosque
482 951 586 1003 Ixionis
605 951 700 1016 anguis

80 1028 277 1096 Inmanemque
297 1033 393 1092 rotam,
413 1031 441 1080 et
460 1044 512 1078 non
533 1025 723 1094 exsuperabile
741 1042 844 1078 saxum

81 1104 192 1157 Interea
212 1103 352 1171 Dryadum
372 1103 452 1156 silvas
473 1103 613 1169 saltusque
632 1118 778 1168 sequamur
914 1126 937 1164 40

80 1179 211 1247 Intactas,
230 1183 285 1247 tua,
307 1179 458 1245 Maecenas,
479 1178 552 1230 haud
571 1178 662 1230 mollia
680 1178 759 1230 iussa.

79 1255 118 1308 Te
136 1256 195 1308 sine
214 1256 252 1309 nil
272 1256 357 1309 altum
378 1272 454 1308 mens
473 1255 596 1309 inchoat:
617 1272 649 1308 en
668 1271 725 1321 age,
745 1253 834 1320 segnis

81 1331 189 1400 ltumpe
208 1349 312 1396 mares;
331 1335 410 1384 vocat
427 1332 532 1399 ingenti
553 1332 670 1384 clamore
690 1330 835 1384 Cithaeron

80 1408 248 1477 Taygetique
267 1425 347 1461 canes
367 1407 554 1476 domitrixque
575 1408 727 1475 Epidaurus
746 1420 887 1473 equorum,

82 1483 116 1536 in
137 1500 189 1536 vox
207 1484 325 1537 adsensu
344 1501 485 1538 nemorum
506 1485 671 1552 ingeminata
688 1482 812 1548 remugit.
913 1495 938 1534 aa

80 1560 145 1613 Mox
165 1564 258 1614 tamen
277 1560 399 1613 ardentis
419 1563 544 1628 accingar
563 1561 654 1613 dicere
673 1575 777 1628 pugnas

80 1636 211 1703 Caesaris,
232 1640 262 1689 et
280 1653 377 1689 nomen
397 1638 469 1690 fama
488 1641 529 1690 tot
549 1637 621 1690 ferre
639 1653 689 1704 per
707 1651 796 1699 annes,

79 1711 188 1764 Tithoni
207 1712 296 1780 prima
314 1717 381 1782 quot
400 1713 478 1766 abest
497 1713 531 1765 ab
551 1713 654 1778 origine
674 1712 778 1764 Caesar.

114 1788 168 1842 Seu
187 1790 256 1857 quis,
277 1789 449 1857 Olympiacae
468 1790 584 1841 miratus
604 1788 724 1855 praemia
742 1786 856 1854 palmae,

80 1865 172 1918 Pascit
192 1882 282 1934 equos,
301 1881 349 1919 sen
368 1867 429 1934 quis
448 1866 526 1918 fortis
546 1864 581 1917 ad
600 1868 691 1916 aratra
708 1863 842 1927 iuvencos,
912 1878 936 1915 ao

79 1941 201 2010 Oorpora
220 1943 365 2010 praecipue
384 1947 502 1994 matrum
521 1941 603 2006 legat
644 1940 765 2007 Optuma
782 1942 876 1990 torvae

80 2018 181 2071 Forma
199 2019 283 2083 bovis,
304 2019 347 2069 eui
366 2021 447 2084 turpe
467 2020 557 2084 eaput,
576 2017 618 2068 eui
638 2015 755 2082 plurima
773 2013 872 2078 cervix,

80 2095 117 2147 Ilt
135 2111 245 2147 crurum
264 2097 345 2146 tenus
365 2110 381 2144 a
399 2097 491 2144 mento
510 2091 630 2158 palearia
648 2090 783 2158 pendent,

80 2171 148 2223 Tum
167 2170 247 2237 longo
267 2168 356 2221 nullus
376 2168 456 2220 lateri
475 2167 587 2232 modus;
604 2165 695 2218 omnia
712 2181 816 2230 magna,

81 2246 134 2299 Pes
153 2247 252 2311 etiam;
270 2248 299 2298 et
317 2244 434 2298 camuris
453 2244 543 2297 hirtae
563 2243 613 2296 sub
633 2241 757 2294 comibus
775 2256 861 2292 aures.
913 2255 937 2292 ee

81 2323 139 2376 Nec
157 2322 223 2375 mihi
243 2322 385 2390 displiceat
406 2321 517 2374 maculis
536 2319 649 2386 insignis
667 2322 696 2370 et
714 2315 782 2381 albo,

82 2401 140 2452 Aut
157 2399 220 2466 iuga
239 2399 395 2452 detrectans
415 2396 610 2464 interdumque
628 2411 725 2462 aspera
742 2408 832 2457 cornu,

82 2477 117 2530 ln
135 2477 230 2529 faeiem
249 2479 328 2528 tauro
348 2476 465 2545 propior,
488 2488 613 2542 quaeque
632 2471 717 2526 ardua
735 2472 801 2535 tota,

82 2553 117 2605 Ilt
135 2551 262 2619 gradiens
280 2552 335 2605 ima
355 2553 439 2606 verrit
459 2551 575 2616 vestigia
593 2547 687 2601 calida.

82 2632 168 2682 Aetas
187 2629 315 2682 Lucinam
336 2629 477 2698 iustosque
497 2627 554 2696 pati
573 2626 734 2693 hymenaeos
915 2630 939 2668 00

80 2705 188 2758 Desinit
207 2711 271 2758 ante
291 2707 394 2774 decem,
413 2710 476 2775 post
496 2707 627 2772 quattuor
646 2700 740 2767 incipit
759 2713 859 2762 annos;

82 2781 181 2835 Cetera
198 2799 248 2834 nec
268 2783 376 2834 feturae
396 2781 501 2845 habilis,
522 2797 572 2832 nee
590 2778 669 2830 fortis
688 2776 792 2828 aratris.

83 2858 200 2925 Interea,
221 2863 333 2927 superat
352 2858 480 2926 gregibus
501 2857 566 2909 dum
586 2855 659 2907 laeta
676 2854 808 2913 iuventas,

83 2935 161 2988 Solve
181 2950 287 2999 mares;
306 2935 386 2987 mitte
403 2935 432 2986 in
451 2933 591 2985 Venerem
610 2929 738 2999 pecuaria
755 2925 866 2993 primus,

85 3015 178 3079 Atque
197 3011 278 3063 aliam
297 3026 331 3062 ex
349 3009 402 3061 alia
419 3008 575 3076 generando
595 3007 686 3058 suffice
706 3002 817 3071 prolem.
915 3013 940 3052 ee

83 3088 206 3156 Optuma
224 3101 349 3155 quaeque
368 3084 428 3136 dies
446 3085 552 3136 miseris
570 3078 731 3134 mortalibus
750 3075 809 3130 aevi

84 3165 177 3220 Prima
193 3163 280 3232 fugit3
298 3161 416 3215 subeunt
434 3159 521 3212 morbi
539 3158 683 3224 tristisque
702 3155 834 3222 senectus,
