<?xml version="1.0" encoding="UTF-8"?>
<!DOCTYPE html PUBLIC "-//W3C//DTD XHTML 1.0 Transitional//EN"
    "http://www.w3.org/TR/xhtml1/DTD/xhtml1-transitional.dtd">
<html xmlns="http://www.w3.org/1999/xhtml" xml:lang="en" lang="en">
 <head>
  <title>
</title>
<meta http-equiv="Content-Type" content="text/html;charset=utf-8" />
  <meta name='ocr-system' content='tesseract 3.04.00' />
  <meta name='ocr-capabilities' content='ocr_page ocr_carea ocr_par ocr_line ocrx_word'/>
</head>
<body>
  <div class='ocr_page' id='page_1' title='image "./publivergilimar01virggoog/publivergilimar01virggoog_0067.png"; bbox 0 0 2032 3524; ppageno 0'>
   <div class='ocr_carea' id='block_1_1' title="bbox 107 112 728 161">
    <p class='ocr_par' dir='ltr' id='par_1_1' title="bbox 107 112 728 161">
     <span class='ocr_line' id='line_1_1' title="bbox 107 112 728 161; baseline -0.002 -1"><span class='ocrx_word' id='word_1_1' title='bbox 107 114 137 160; x_wconf 81' lang='lat'>54</span> <span class='ocrx_word' id='word_1_2' title='bbox 341 112 369 161; x_wconf 85' lang='lat' dir='ltr'>P.</span> <span class='ocrx_word' id='word_1_3' title='bbox 391 112 541 160; x_wconf 83' lang='lat' dir='ltr'>VERGILI</span> <span class='ocrx_word' id='word_1_4' title='bbox 561 112 728 160; x_wconf 69' lang='lat' dir='ltr'>ilarionis</span> 
     </span>
    </p>
   </div>
   <div class='ocr_carea' id='block_1_2' title="bbox 102 191 970 3228">
    <p class='ocr_par' dir='ltr' id='par_1_2' title="bbox 107 191 968 490">
     <span class='ocr_line' id='line_1_2' title="bbox 108 191 797 259; baseline 0 -14"><span class='ocrx_word' id='word_1_5' title='bbox 108 193 144 245; x_wconf 81' lang='lat' dir='ltr'>ut</span> <span class='ocrx_word' id='word_1_6' title='bbox 162 192 286 244; x_wconf 86' lang='lat' dir='ltr'>laboret</span> <span class='ocrx_word' id='word_1_7' title='bbox 304 191 390 244; x_wconf 86' lang='lat' dir='ltr'>durae</span> <span class='ocrx_word' id='word_1_8' title='bbox 409 192 481 259; x_wconf 80' lang='lat' dir='ltr'>rapit</span> <span class='ocrx_word' id='word_1_9' title='bbox 500 191 676 244; x_wconf 84' lang='lat' dir='ltr'>inclementis</span> <span class='ocrx_word' id='word_1_10' title='bbox 693 192 797 245; x_wconf 81' lang='lat' dir='ltr'>mortis</span> 
     </span>
     <span class='ocr_line' id='line_1_3' title="bbox 107 267 827 337; baseline 0.001 -16"><span class='ocrx_word' id='word_1_11' title='bbox 107 270 220 336; x_wconf 80' lang='lat' dir='ltr'>Semper</span> <span class='ocrx_word' id='word_1_12' title='bbox 238 272 326 331; x_wconf 89' lang='lat' dir='ltr'>erunt,</span> <span class='ocrx_word' id='word_1_13' title='bbox 346 284 462 335; x_wconf 87' lang='lat' dir='ltr'>quarum</span> <span class='ocrx_word' id='word_1_14' title='bbox 481 267 581 320; x_wconf 87' lang='lat' dir='ltr'>mutari</span> <span class='ocrx_word' id='word_1_15' title='bbox 601 285 718 337; x_wconf 84' lang='lat' dir='ltr'>corpora</span> <span class='ocrx_word' id='word_1_16' title='bbox 736 268 827 322; x_wconf 84' lang='lat' dir='ltr'>mulis:</span> 
     </span>
     <span class='ocr_line' id='line_1_4' title="bbox 107 344 968 413; baseline -0.001 -16"><span class='ocrx_word' id='word_1_17' title='bbox 107 346 219 412; x_wconf 77' lang='lat' dir='ltr'>Semper</span> <span class='ocrx_word' id='word_1_18' title='bbox 238 344 308 396; x_wconf 88' lang='lat' dir='ltr'>enim</span> <span class='ocrx_word' id='word_1_19' title='bbox 327 344 416 410; x_wconf 87' lang='lat' dir='ltr'>refice,</span> <span class='ocrx_word' id='word_1_20' title='bbox 435 360 473 411; x_wconf 84' lang='lat' dir='ltr'>se,</span> <span class='ocrx_word' id='word_1_21' title='bbox 492 360 527 397; x_wconf 87' lang='lat' dir='ltr'>ue</span> <span class='ocrx_word' id='word_1_22' title='bbox 545 346 609 412; x_wconf 89' lang='lat' dir='ltr'>post</span> <span class='ocrx_word' id='word_1_23' title='bbox 628 345 727 397; x_wconf 89' lang='lat' dir='ltr'>amissa</span> <span class='ocrx_word' id='word_1_24' title='bbox 746 344 878 413; x_wconf 86' lang='lat' dir='ltr'>requiras,</span> <span class='ocrx_word' id='word_1_25' title='bbox 942 361 968 402; x_wconf 74' lang='lat' dir='ltr'>ro</span> 
     </span>
     <span class='ocr_line' id='line_1_5' title="bbox 107 420 892 490; baseline 0.001 -16"><span class='ocrx_word' id='word_1_26' title='bbox 107 422 251 488; x_wconf 73' lang='lat' dir='ltr'>Anteveni</span> <span class='ocrx_word' id='word_1_27' title='bbox 270 425 299 474; x_wconf 90' lang='lat' dir='ltr'>et</span> <span class='ocrx_word' id='word_1_28' title='bbox 317 420 439 473; x_wconf 82' lang='lat' dir='ltr'>subolem</span> <span class='ocrx_word' id='word_1_29' title='bbox 458 429 581 473; x_wconf 89' lang='lat' dir='ltr'>armento</span> <span class='ocrx_word' id='word_1_30' title='bbox 603 421 702 474; x_wconf 84' lang='lat' dir='ltr'>sortire</span> <span class='ocrx_word' id='word_1_31' title='bbox 720 422 892 490; x_wconf 80' lang='lat' dir='ltr'>quotannis</span> 
     </span>
    </p>

    <p class='ocr_par' dir='ltr' id='par_1_3' title="bbox 103 497 968 2244">
     <span class='ocr_line' id='line_1_6' title="bbox 142 497 929 567; baseline 0.004 -18"><span class='ocrx_word' id='word_1_32' title='bbox 142 497 199 550; x_wconf 79' lang='lat' dir='ltr'>Nec</span> <span class='ocrx_word' id='word_1_33' title='bbox 217 514 271 550; x_wconf 91' lang='lat' dir='ltr'>non</span> <span class='ocrx_word' id='word_1_34' title='bbox 289 501 319 550; x_wconf 87' lang='lat' dir='ltr'>et</span> <span class='ocrx_word' id='word_1_35' title='bbox 336 497 428 565; x_wconf 88' lang='lat' dir='ltr'>pecori</span> <span class='ocrx_word' id='word_1_36' title='bbox 447 504 491 550; x_wconf 85' lang='lat' dir='ltr'>est</span> <span class='ocrx_word' id='word_1_37' title='bbox 508 497 582 550; x_wconf 88' lang='lat' dir='ltr'>idem</span> <span class='ocrx_word' id='word_1_38' title='bbox 605 497 728 550; x_wconf 86' lang='lat' dir='ltr'>delectus</span> <span class='ocrx_word' id='word_1_39' title='bbox 745 499 853 567; x_wconf 90' lang='lat' dir='ltr'>equino.</span> <span class='ocrx_word' id='word_1_40' title='bbox 926 544 929 551; x_wconf 92' lang='lat'>.</span> 
     </span>
     <span class='ocr_line' id='line_1_7' title="bbox 106 573 907 643; baseline 0.004 -18"><span class='ocrx_word' id='word_1_41' title='bbox 106 573 147 626; x_wconf 85' lang='lat' dir='ltr'>Tu</span> <span class='ocrx_word' id='word_1_42' title='bbox 165 574 253 641; x_wconf 90' lang='lat' dir='ltr'>modo,</span> <span class='ocrx_word' id='word_1_43' title='bbox 272 590 341 643; x_wconf 90' lang='lat' dir='ltr'>quos</span> <span class='ocrx_word' id='word_1_44' title='bbox 359 573 386 625; x_wconf 90' lang='lat' dir='ltr'>iu</span> <span class='ocrx_word' id='word_1_45' title='bbox 405 591 481 642; x_wconf 85' lang='lat' dir='ltr'>spem</span> <span class='ocrx_word' id='word_1_46' title='bbox 502 579 608 627; x_wconf 82' lang='lat' dir='ltr'>statues</span> <span class='ocrx_word' id='word_1_47' title='bbox 628 573 791 627; x_wconf 81' lang='lat' dir='ltr'>submittere</span> <span class='ocrx_word' id='word_1_48' title='bbox 808 575 907 642; x_wconf 83' lang='lat' dir='ltr'>gentis,</span> 
     </span>
     <span class='ocr_line' id='line_1_8' title="bbox 107 650 882 720; baseline 0.003 -18"><span class='ocrx_word' id='word_1_49' title='bbox 107 651 285 718; x_wconf 83' lang='lat' dir='ltr'>Praecipuum</span> <span class='ocrx_word' id='word_1_50' title='bbox 304 651 357 704; x_wconf 87' lang='lat' dir='ltr'>iam</span> <span class='ocrx_word' id='word_1_51' title='bbox 376 651 441 704; x_wconf 88' lang='lat' dir='ltr'>inde</span> <span class='ocrx_word' id='word_1_52' title='bbox 460 670 477 705; x_wconf 89' lang='lat' dir='ltr'>n</span> <span class='ocrx_word' id='word_1_53' title='bbox 495 653 598 705; x_wconf 87' lang='lat' dir='ltr'>teneris</span> <span class='ocrx_word' id='word_1_54' title='bbox 617 651 735 720; x_wconf 87' lang='lat' dir='ltr'>inpendo</span> <span class='ocrx_word' id='word_1_55' title='bbox 753 650 882 704; x_wconf 89' lang='lat' dir='ltr'>laborem.</span> 
     </span>
     <span class='ocr_line' id='line_1_9' title="bbox 106 727 966 798; baseline 0 -18"><span class='ocrx_word' id='word_1_56' title='bbox 106 727 240 780; x_wconf 79' lang='lat' dir='ltr'>Continuo</span> <span class='ocrx_word' id='word_1_57' title='bbox 258 729 364 795; x_wconf 88' lang='lat' dir='ltr'>pecoris</span> <span class='ocrx_word' id='word_1_58' title='bbox 382 729 508 796; x_wconf 89' lang='lat' dir='ltr'>generosi</span> <span class='ocrx_word' id='word_1_59' title='bbox 527 729 618 798; x_wconf 91' lang='lat' dir='ltr'>pullus</span> <span class='ocrx_word' id='word_1_60' title='bbox 636 729 663 780; x_wconf 93' lang='lat' dir='ltr'>in</span> <span class='ocrx_word' id='word_1_61' title='bbox 683 729 754 781; x_wconf 77' lang='lat' dir='ltr'>arvis</span> <span class='ocrx_word' id='word_1_62' title='bbox 941 740 966 780; x_wconf 76' lang='lat' dir='ltr'>ts</span> 
     </span>
     <span class='ocr_line' id='line_1_10' title="bbox 108 803 779 872; baseline 0 -18"><span class='ocrx_word' id='word_1_63' title='bbox 108 803 197 855; x_wconf 88' lang='lat' dir='ltr'>Altius</span> <span class='ocrx_word' id='word_1_64' title='bbox 215 804 377 870; x_wconf 77' lang='lat' dir='ltr'>ingreditur,</span> <span class='ocrx_word' id='word_1_65' title='bbox 398 810 427 858; x_wconf 93' lang='lat' dir='ltr'>et</span> <span class='ocrx_word' id='word_1_66' title='bbox 445 805 537 857; x_wconf 86' lang='lat' dir='ltr'>mollia</span> <span class='ocrx_word' id='word_1_67' title='bbox 557 822 637 858; x_wconf 88' lang='lat' dir='ltr'>crura</span> <span class='ocrx_word' id='word_1_68' title='bbox 655 804 779 872; x_wconf 89' lang='lat' dir='ltr'>reponit;</span> 
     </span>
     <span class='ocr_line' id='line_1_11' title="bbox 109 879 860 949; baseline 0.005 -21"><span class='ocrx_word' id='word_1_69' title='bbox 109 881 212 932; x_wconf 83' lang='lat' dir='ltr'>l’rimus</span> <span class='ocrx_word' id='word_1_70' title='bbox 231 884 259 932; x_wconf 87' lang='lat' dir='ltr'>et</span> <span class='ocrx_word' id='word_1_71' title='bbox 279 881 319 933; x_wconf 91' lang='lat' dir='ltr'>ire</span> <span class='ocrx_word' id='word_1_72' title='bbox 336 883 407 935; x_wconf 81' lang='lat' dir='ltr'>viam</span> <span class='ocrx_word' id='word_1_73' title='bbox 425 887 454 935; x_wconf 86' lang='lat' dir='ltr'>et</span> <span class='ocrx_word' id='word_1_74' title='bbox 473 879 569 935; x_wconf 81' lang='lat' dir='ltr'>flu‘m‘os</span> <span class='ocrx_word' id='word_1_75' title='bbox 587 884 726 949; x_wconf 83' lang='lat' dir='ltr'>temptare</span> <span class='ocrx_word' id='word_1_76' title='bbox 744 879 860 932; x_wconf 88' lang='lat' dir='ltr'>minacis</span> 
     </span>
     <span class='ocr_line' id='line_1_12' title="bbox 108 955 735 1028; baseline 0.006 -23"><span class='ocrx_word' id='word_1_77' title='bbox 108 955 200 1007; x_wconf 88' lang='lat' dir='ltr'>Amlet</span> <span class='ocrx_word' id='word_1_78' title='bbox 219 960 247 1009; x_wconf 89' lang='lat' dir='ltr'>et</span> <span class='ocrx_word' id='word_1_79' title='bbox 266 957 359 1023; x_wconf 87' lang='lat' dir='ltr'>ignoto</span> <span class='ocrx_word' id='word_1_80' title='bbox 380 976 439 1012; x_wconf 88' lang='lat' dir='ltr'>seso</span> <span class='ocrx_word' id='word_1_81' title='bbox 459 960 632 1013; x_wconf 87' lang='lat' dir='ltr'>committere</span> <span class='ocrx_word' id='word_1_82' title='bbox 650 958 735 1028; x_wconf 90' lang='lat' dir='ltr'>ponti,</span> 
     </span>
     <span class='ocr_line' id='line_1_13' title="bbox 105 1031 842 1104; baseline 0 -22"><span class='ocrx_word' id='word_1_83' title='bbox 105 1031 129 1081; x_wconf 83' lang='lat' dir='ltr'>N</span> <span class='ocrx_word' id='word_1_84' title='bbox 132 1048 162 1083; x_wconf 91' lang='lat' dir='ltr'>ee</span> <span class='ocrx_word' id='word_1_85' title='bbox 181 1049 262 1085; x_wconf 81' lang='lat' dir='ltr'>vanos</span> <span class='ocrx_word' id='word_1_86' title='bbox 282 1034 374 1087; x_wconf 78' lang='lat' dir='ltr'>horret</span> <span class='ocrx_word' id='word_1_87' title='bbox 393 1037 533 1104; x_wconf 87' lang='lat' dir='ltr'>strepitus.</span> <span class='ocrx_word' id='word_1_88' title='bbox 574 1035 619 1088; x_wconf 90' lang='lat' dir='ltr'>Illi</span> <span class='ocrx_word' id='word_1_89' title='bbox 638 1034 723 1087; x_wconf 87' lang='lat' dir='ltr'>ardua</span> <span class='ocrx_word' id='word_1_90' title='bbox 742 1031 842 1097; x_wconf 69' lang='lat' dir='ltr'>certis,</span> 
     </span>
     <span class='ocr_line' id='line_1_14' title="bbox 106 1109 967 1179; baseline 0 -19"><span class='ocrx_word' id='word_1_91' title='bbox 106 1110 298 1178; x_wconf 74' lang='lat' dir='ltr'>Argutumque</span> <span class='ocrx_word' id='word_1_92' title='bbox 317 1115 405 1179; x_wconf 86' lang='lat' dir='ltr'>eaput,</span> <span class='ocrx_word' id='word_1_93' title='bbox 424 1112 517 1165; x_wconf 86' lang='lat' dir='ltr'>brevis</span> <span class='ocrx_word' id='word_1_94' title='bbox 537 1113 620 1177; x_wconf 82' lang='lat' dir='ltr'>alvus,</span> <span class='ocrx_word' id='word_1_95' title='bbox 641 1109 778 1176; x_wconf 81' lang='lat' dir='ltr'>obesaque</span> <span class='ocrx_word' id='word_1_96' title='bbox 796 1111 884 1173; x_wconf 85' lang='lat' dir='ltr'>terga,</span> <span class='ocrx_word' id='word_1_97' title='bbox 941 1120 967 1160; x_wconf 77' lang='lat' dir='ltr'>st</span> 
     </span>
     <span class='ocr_line' id='line_1_15' title="bbox 105 1182 828 1256; baseline 0 -23"><span class='ocrx_word' id='word_1_98' title='bbox 105 1182 290 1254; x_wconf 83' lang='lat' dir='ltr'>lmxuriatque</span> <span class='ocrx_word' id='word_1_99' title='bbox 309 1187 376 1239; x_wconf 90' lang='lat' dir='ltr'>toris</span> <span class='ocrx_word' id='word_1_100' title='bbox 396 1188 547 1240; x_wconf 85' lang='lat' dir='ltr'>animosum</span> <span class='ocrx_word' id='word_1_101' title='bbox 567 1192 671 1256; x_wconf 92' lang='lat' dir='ltr'>pectus.</span> <span class='ocrx_word' id='word_1_102' title='bbox 710 1182 828 1236; x_wconf 76' lang='lat' dir='ltr'>Honesti</span> 
     </span>
     <span class='ocr_line' id='line_1_16' title="bbox 104 1259 766 1329; baseline 0.005 -20"><span class='ocrx_word' id='word_1_103' title='bbox 104 1260 233 1325; x_wconf 75' lang='lat' dir='ltr'>Spadiees</span> <span class='ocrx_word' id='word_1_104' title='bbox 251 1261 402 1329; x_wconf 86' lang='lat' dir='ltr'>glaucique,</span> <span class='ocrx_word' id='word_1_105' title='bbox 422 1263 495 1316; x_wconf 89' lang='lat' dir='ltr'>color</span> <span class='ocrx_word' id='word_1_106' title='bbox 514 1263 678 1315; x_wconf 87' lang='lat' dir='ltr'>deterrimus</span> <span class='ocrx_word' id='word_1_107' title='bbox 697 1259 766 1312; x_wconf 86' lang='lat' dir='ltr'>albis</span> 
     </span>
     <span class='ocr_line' id='line_1_17' title="bbox 104 1333 916 1407; baseline -0.001 -21"><span class='ocrx_word' id='word_1_108' title='bbox 104 1335 139 1387; x_wconf 82' lang='lat' dir='ltr'>Et</span> <span class='ocrx_word' id='word_1_109' title='bbox 156 1337 234 1402; x_wconf 70' lang='lat' dir='ltr'>gilio.</span> <span class='ocrx_word' id='word_1_110' title='bbox 271 1338 347 1405; x_wconf 84' lang='lat' dir='ltr'>Tum,</span> <span class='ocrx_word' id='word_1_111' title='bbox 367 1339 389 1391; x_wconf 92' lang='lat' dir='ltr'>si</span> <span class='ocrx_word' id='word_1_112' title='bbox 408 1356 463 1407; x_wconf 86' lang='lat' dir='ltr'>qua</span> <span class='ocrx_word' id='word_1_113' title='bbox 482 1355 577 1391; x_wconf 87' lang='lat' dir='ltr'>sonum</span> <span class='ocrx_word' id='word_1_114' title='bbox 596 1338 690 1407; x_wconf 89' lang='lat' dir='ltr'>procul</span> <span class='ocrx_word' id='word_1_115' title='bbox 711 1353 786 1388; x_wconf 83' lang='lat' dir='ltr'>anna</span> <span class='ocrx_word' id='word_1_116' title='bbox 804 1333 916 1402; x_wconf 86' lang='lat' dir='ltr'>dedere,</span> 
     </span>
     <span class='ocr_line' id='line_1_18' title="bbox 104 1412 870 1481; baseline -0.001 -18"><span class='ocrx_word' id='word_1_117' title='bbox 104 1413 183 1464; x_wconf 75' lang='lat' dir='ltr'>Stare</span> <span class='ocrx_word' id='word_1_118' title='bbox 200 1413 258 1466; x_wconf 91' lang='lat' dir='ltr'>loeo</span> <span class='ocrx_word' id='word_1_119' title='bbox 277 1415 371 1481; x_wconf 87' lang='lat' dir='ltr'>nescit,</span> <span class='ocrx_word' id='word_1_120' title='bbox 390 1415 473 1468; x_wconf 88' lang='lat' dir='ltr'>micat</span> <span class='ocrx_word' id='word_1_121' title='bbox 493 1415 605 1468; x_wconf 87' lang='lat' dir='ltr'>auribus</span> <span class='ocrx_word' id='word_1_122' title='bbox 624 1418 653 1468; x_wconf 92' lang='lat' dir='ltr'>et</span> <span class='ocrx_word' id='word_1_123' title='bbox 671 1412 769 1467; x_wconf 84' lang='lat' dir='ltr'>tremit</span> <span class='ocrx_word' id='word_1_124' title='bbox 786 1418 870 1476; x_wconf 86' lang='lat' dir='ltr'>artus,</span> 
     </span>
     <span class='ocr_line' id='line_1_19' title="bbox 104 1486 968 1556; baseline -0.001 -18"><span class='ocrx_word' id='word_1_125' title='bbox 104 1486 311 1556; x_wconf 77' lang='lat' dir='ltr'>Collectumque</span> <span class='ocrx_word' id='word_1_126' title='bbox 329 1489 449 1543; x_wconf 82' lang='lat' dir='ltr'>fremens</span> <span class='ocrx_word' id='word_1_127' title='bbox 467 1491 551 1544; x_wconf 79' lang='lat' dir='ltr'>volvit</span> <span class='ocrx_word' id='word_1_128' title='bbox 570 1490 621 1543; x_wconf 87' lang='lat' dir='ltr'>sub</span> <span class='ocrx_word' id='word_1_129' title='bbox 639 1488 751 1542; x_wconf 89' lang='lat' dir='ltr'>naribus</span> <span class='ocrx_word' id='word_1_130' title='bbox 769 1488 869 1553; x_wconf 82' lang='lat' dir='ltr'>iguem.</span> <span class='ocrx_word' id='word_1_131' title='bbox 941 1501 968 1538; x_wconf 80' lang='lat' dir='ltr'>ss</span> 
     </span>
     <span class='ocr_line' id='line_1_20' title="bbox 104 1562 883 1631; baseline 0.001 -18"><span class='ocrx_word' id='word_1_132' title='bbox 104 1562 194 1616; x_wconf 84' lang='lat' dir='ltr'>Densa</span> <span class='ocrx_word' id='word_1_133' title='bbox 211 1565 282 1631; x_wconf 81' lang='lat' dir='ltr'>iuba,</span> <span class='ocrx_word' id='word_1_134' title='bbox 302 1570 331 1619; x_wconf 92' lang='lat' dir='ltr'>et</span> <span class='ocrx_word' id='word_1_135' title='bbox 350 1566 448 1619; x_wconf 87' lang='lat' dir='ltr'>dextro</span> <span class='ocrx_word' id='word_1_136' title='bbox 467 1569 568 1620; x_wconf 87' lang='lat' dir='ltr'>iactata</span> <span class='ocrx_word' id='word_1_137' title='bbox 588 1565 726 1620; x_wconf 89' lang='lat' dir='ltr'>recumbit</span> <span class='ocrx_word' id='word_1_138' title='bbox 744 1565 773 1616; x_wconf 92' lang='lat' dir='ltr'>in</span> <span class='ocrx_word' id='word_1_139' title='bbox 791 1578 883 1628; x_wconf 84' lang='lat' dir='ltr'>armo;</span> 
     </span>
     <span class='ocr_line' id='line_1_21' title="bbox 105 1639 831 1712; baseline 0.003 -23"><span class='ocrx_word' id='word_1_140' title='bbox 105 1641 143 1690; x_wconf 86' lang='lat' dir='ltr'>At</span> <span class='ocrx_word' id='word_1_141' title='bbox 162 1639 262 1707; x_wconf 83' lang='lat' dir='ltr'>duplex</span> <span class='ocrx_word' id='word_1_142' title='bbox 281 1643 371 1709; x_wconf 85' lang='lat' dir='ltr'>agitur</span> <span class='ocrx_word' id='word_1_143' title='bbox 389 1659 438 1710; x_wconf 92' lang='lat' dir='ltr'>per</span> <span class='ocrx_word' id='word_1_144' title='bbox 457 1643 564 1696; x_wconf 89' lang='lat' dir='ltr'>lumbos</span> <span class='ocrx_word' id='word_1_145' title='bbox 584 1644 679 1712; x_wconf 87' lang='lat' dir='ltr'>spina;</span> <span class='ocrx_word' id='word_1_146' title='bbox 698 1644 831 1707; x_wconf 81' lang='lat' dir='ltr'>cavatque</span> 
     </span>
     <span class='ocr_line' id='line_1_22' title="bbox 103 1714 858 1787; baseline 0.004 -23"><span class='ocrx_word' id='word_1_147' title='bbox 103 1714 238 1769; x_wconf 83' lang='lat' dir='ltr'>Tellurem</span> <span class='ocrx_word' id='word_1_148' title='bbox 258 1722 287 1771; x_wconf 89' lang='lat' dir='ltr'>et</span> <span class='ocrx_word' id='word_1_149' title='bbox 305 1718 391 1772; x_wconf 88' lang='lat' dir='ltr'>solido</span> <span class='ocrx_word' id='word_1_150' title='bbox 410 1721 531 1787; x_wconf 81' lang='lat' dir='ltr'>graviter</span> <span class='ocrx_word' id='word_1_151' title='bbox 550 1724 628 1773; x_wconf 87' lang='lat' dir='ltr'>sonat</span> <span class='ocrx_word' id='word_1_152' title='bbox 646 1717 750 1787; x_wconf 83' lang='lat' dir='ltr'>ungula</span> <span class='ocrx_word' id='word_1_153' title='bbox 767 1731 858 1768; x_wconf 82' lang='lat' dir='ltr'>cornu</span> 
     </span>
     <span class='ocr_line' id='line_1_23' title="bbox 103 1790 745 1861; baseline 0.006 -21"><span class='ocrx_word' id='word_1_154' title='bbox 103 1790 174 1842; x_wconf 85' lang='lat' dir='ltr'>Talis</span> <span class='ocrx_word' id='word_1_155' title='bbox 194 1792 333 1861; x_wconf 75' lang='lat' dir='ltr'>Amyclaei</span> <span class='ocrx_word' id='word_1_156' title='bbox 353 1797 473 1849; x_wconf 89' lang='lat' dir='ltr'>domitus</span> <span class='ocrx_word' id='word_1_157' title='bbox 494 1797 612 1850; x_wconf 89' lang='lat' dir='ltr'>Pollucis</span> <span class='ocrx_word' id='word_1_158' title='bbox 632 1795 745 1847; x_wconf 81' lang='lat' dir='ltr'>habenis</span> 
     </span>
     <span class='ocr_line' id='line_1_24' title="bbox 103 1866 967 1939; baseline 0.003 -23"><span class='ocrx_word' id='word_1_159' title='bbox 103 1866 231 1932; x_wconf 77' lang='lat' dir='ltr'>Cyllarus,</span> <span class='ocrx_word' id='word_1_160' title='bbox 250 1873 286 1936; x_wconf 85' lang='lat' dir='ltr'>ct,</span> <span class='ocrx_word' id='word_1_161' title='bbox 305 1887 421 1939; x_wconf 90' lang='lat' dir='ltr'>quorum</span> <span class='ocrx_word' id='word_1_162' title='bbox 441 1872 516 1925; x_wconf 86' lang='lat' dir='ltr'>Graii</span> <span class='ocrx_word' id='word_1_163' title='bbox 537 1874 687 1925; x_wconf 88' lang='lat' dir='ltr'>meminere</span> <span class='ocrx_word' id='word_1_164' title='bbox 706 1871 812 1937; x_wconf 88' lang='lat' dir='ltr'>poetae,</span> <span class='ocrx_word' id='word_1_165' title='bbox 940 1879 967 1920; x_wconf 77' lang='lat' dir='ltr'>aa</span> 
     </span>
     <span class='ocr_line' id='line_1_25' title="bbox 103 1942 828 2016; baseline 0.001 -22"><span class='ocrx_word' id='word_1_166' title='bbox 103 1942 200 1995; x_wconf 83' lang='lat' dir='ltr'>Martis</span> <span class='ocrx_word' id='word_1_167' title='bbox 219 1946 282 2013; x_wconf 90' lang='lat' dir='ltr'>equi</span> <span class='ocrx_word' id='word_1_168' title='bbox 302 1945 415 2014; x_wconf 86' lang='lat' dir='ltr'>biiuges,</span> <span class='ocrx_word' id='word_1_169' title='bbox 437 1952 466 2000; x_wconf 90' lang='lat' dir='ltr'>ot</span> <span class='ocrx_word' id='word_1_170' title='bbox 484 1948 577 2016; x_wconf 91' lang='lat' dir='ltr'>magni</span> <span class='ocrx_word' id='word_1_171' title='bbox 596 1963 693 2001; x_wconf 86' lang='lat' dir='ltr'>currus</span> <span class='ocrx_word' id='word_1_172' title='bbox 713 1942 828 1997; x_wconf 84' lang='lat' dir='ltr'>Achilli:</span> 
     </span>
     <span class='ocr_line' id='line_1_26' title="bbox 103 2017 771 2090; baseline 0.004 -22"><span class='ocrx_word' id='word_1_173' title='bbox 103 2017 174 2069; x_wconf 82' lang='lat' dir='ltr'>Talis</span> <span class='ocrx_word' id='word_1_174' title='bbox 192 2023 221 2072; x_wconf 88' lang='lat' dir='ltr'>et</span> <span class='ocrx_word' id='word_1_175' title='bbox 239 2021 298 2090; x_wconf 90' lang='lat' dir='ltr'>ipse</span> <span class='ocrx_word' id='word_1_176' title='bbox 316 2023 409 2077; x_wconf 87' lang='lat' dir='ltr'>iubam</span> <span class='ocrx_word' id='word_1_177' title='bbox 429 2025 533 2077; x_wconf 76' lang='lat' dir='ltr'>cervice</span> <span class='ocrx_word' id='word_1_178' title='bbox 553 2024 653 2078; x_wconf 87' lang='lat' dir='ltr'>ellndit</span> <span class='ocrx_word' id='word_1_179' title='bbox 671 2021 771 2089; x_wconf 87' lang='lat' dir='ltr'>equina</span> 
     </span>
     <span class='ocr_line' id='line_1_27' title="bbox 103 2094 805 2168; baseline 0.003 -24"><span class='ocrx_word' id='word_1_180' title='bbox 103 2094 231 2162; x_wconf 83' lang='lat' dir='ltr'>Coniugis</span> <span class='ocrx_word' id='word_1_181' title='bbox 249 2099 369 2153; x_wconf 79' lang='lat' dir='ltr'>adventu</span> <span class='ocrx_word' id='word_1_182' title='bbox 387 2101 483 2168; x_wconf 86' lang='lat' dir='ltr'>pernix</span> <span class='ocrx_word' id='word_1_183' title='bbox 505 2102 650 2165; x_wconf 87' lang='lat' dir='ltr'>Saturnus,</span> <span class='ocrx_word' id='word_1_184' title='bbox 670 2101 699 2150; x_wconf 89' lang='lat' dir='ltr'>et</span> <span class='ocrx_word' id='word_1_185' title='bbox 719 2096 805 2148; x_wconf 88' lang='lat' dir='ltr'>altum</span> 
     </span>
     <span class='ocr_line' id='line_1_28' title="bbox 103 2170 685 2244; baseline 0.007 -24"><span class='ocrx_word' id='word_1_186' title='bbox 103 2170 195 2224; x_wconf 89' lang='lat' dir='ltr'>l&#39;elion</span> <span class='ocrx_word' id='word_1_187' title='bbox 214 2173 320 2228; x_wconf 78' lang='lat' dir='ltr'>hinnitu</span> <span class='ocrx_word' id='word_1_188' title='bbox 339 2177 445 2243; x_wconf 82' lang='lat' dir='ltr'>fugiens</span> <span class='ocrx_word' id='word_1_189' title='bbox 464 2176 579 2244; x_wconf 85' lang='lat' dir='ltr'>inplevit</span> <span class='ocrx_word' id='word_1_190' title='bbox 598 2179 685 2226; x_wconf 89' lang='lat' dir='ltr'>acuto.</span> 
     </span>
    </p>

    <p class='ocr_par' dir='ltr' id='par_1_4' title="bbox 137 2246 966 2319">
     <span class='ocr_line' id='line_1_29' title="bbox 137 2246 966 2319; baseline 0.002 -20"><span class='ocrx_word' id='word_1_191' title='bbox 137 2247 218 2301; x_wconf 91' lang='lat' dir='ltr'>Hune</span> <span class='ocrx_word' id='word_1_192' title='bbox 237 2267 353 2319; x_wconf 90' lang='lat' dir='ltr'>quoque,</span> <span class='ocrx_word' id='word_1_193' title='bbox 372 2251 419 2303; x_wconf 92' lang='lat' dir='ltr'>ubi</span> <span class='ocrx_word' id='word_1_194' title='bbox 438 2254 486 2303; x_wconf 85' lang='lat' dir='ltr'>aut</span> <span class='ocrx_word' id='word_1_195' title='bbox 500 2250 595 2302; x_wconf 90' lang='lat' dir='ltr'>morbo</span> <span class='ocrx_word' id='word_1_196' title='bbox 609 2246 702 2314; x_wconf 84' lang='lat' dir='ltr'>gravis</span> <span class='ocrx_word' id='word_1_197' title='bbox 719 2249 766 2297; x_wconf 89' lang='lat' dir='ltr'>aut</span> <span class='ocrx_word' id='word_1_198' title='bbox 782 2246 836 2298; x_wconf 90' lang='lat' dir='ltr'>iam</span> <span class='ocrx_word' id='word_1_199' title='bbox 853 2247 966 2314; x_wconf 79' lang='lat' dir='ltr'>segnior</span> 
     </span>
    </p>

    <p class='ocr_par' dir='ltr' id='par_1_5' title="bbox 171 2325 966 2377">
     <span class='ocr_line' id='line_1_30' title="bbox 171 2325 966 2377; baseline 0.003 -2"><span class='ocrx_word' id='word_1_200' title='bbox 171 2325 246 2377; x_wconf 87' lang='lat' dir='ltr'>annis</span> <span class='ocrx_word' id='word_1_201' title='bbox 940 2337 966 2377; x_wconf 65' lang='grc' dir='ltr'>ω</span> 
     </span>
    </p>

    <p class='ocr_par' dir='ltr' id='par_1_6' title="bbox 102 2396 970 3228">
     <span class='ocr_line' id='line_1_31' title="bbox 102 2396 860 2463; baseline 0.001 -13"><span class='ocrx_word' id='word_1_202' title='bbox 102 2399 207 2463; x_wconf 86' lang='lat' dir='ltr'>Deficit,</span> <span class='ocrx_word' id='word_1_203' title='bbox 226 2398 298 2451; x_wconf 89' lang='lat' dir='ltr'>abde</span> <span class='ocrx_word' id='word_1_204' title='bbox 317 2398 405 2460; x_wconf 76' lang='lat' dir='ltr'>denso,</span> <span class='ocrx_word' id='word_1_205' title='bbox 424 2414 473 2449; x_wconf 92' lang='lat' dir='ltr'>nec</span> <span class='ocrx_word' id='word_1_206' title='bbox 492 2397 567 2463; x_wconf 90' lang='lat' dir='ltr'>turpi</span> <span class='ocrx_word' id='word_1_207' title='bbox 586 2396 697 2460; x_wconf 85' lang='lat' dir='ltr'>ignosco</span> <span class='ocrx_word' id='word_1_208' title='bbox 716 2401 860 2451; x_wconf 86' lang='lat' dir='ltr'>senectae:</span> 
     </span>
     <span class='ocr_line' id='line_1_32' title="bbox 103 2470 867 2540; baseline 0 -15"><span class='ocrx_word' id='word_1_209' title='bbox 103 2473 228 2540; x_wconf 81' lang='lat' dir='ltr'>Frigidus</span> <span class='ocrx_word' id='word_1_210' title='bbox 248 2473 275 2525; x_wconf 88' lang='lat' dir='ltr'>in</span> <span class='ocrx_word' id='word_1_211' title='bbox 295 2472 431 2525; x_wconf 90' lang='lat' dir='ltr'>Venerem</span> <span class='ocrx_word' id='word_1_212' title='bbox 451 2471 549 2537; x_wconf 89' lang='lat' dir='ltr'>senior,</span> <span class='ocrx_word' id='word_1_213' title='bbox 567 2470 728 2538; x_wconf 83' lang='lat' dir='ltr'>frustraque</span> <span class='ocrx_word' id='word_1_214' title='bbox 746 2471 867 2527; x_wconf 86' lang='lat' dir='ltr'>laborem</span> 
     </span>
     <span class='ocr_line' id='line_1_33' title="bbox 103 2546 967 2620; baseline -0.002 -18"><span class='ocrx_word' id='word_1_215' title='bbox 103 2549 247 2616; x_wconf 86' lang='lat' dir='ltr'>Ingratum</span> <span class='ocrx_word' id='word_1_216' title='bbox 266 2547 366 2611; x_wconf 80' lang='lat' dir='ltr'>traliit3</span> <span class='ocrx_word' id='word_1_217' title='bbox 384 2551 420 2612; x_wconf 84' lang='lat' dir='ltr'>et,</span> <span class='ocrx_word' id='word_1_218' title='bbox 435 2547 457 2599; x_wconf 95' lang='lat' dir='ltr'>si</span> <span class='ocrx_word' id='word_1_219' title='bbox 477 2546 586 2613; x_wconf 90' lang='lat' dir='ltr'>quaudo</span> <span class='ocrx_word' id='word_1_220' title='bbox 605 2546 640 2598; x_wconf 92' lang='lat' dir='ltr'>ad</span> <span class='ocrx_word' id='word_1_221' title='bbox 659 2546 763 2613; x_wconf 88' lang='lat' dir='ltr'>proelia</span> <span class='ocrx_word' id='word_1_222' title='bbox 780 2552 893 2600; x_wconf 80' lang='lat' dir='ltr'>ventum</span> <span class='ocrx_word' id='word_1_223' title='bbox 912 2553 967 2620; x_wconf 63' lang='lat' dir='ltr'>est,</span> 
     </span>
     <span class='ocr_line' id='line_1_34' title="bbox 104 2621 901 2691; baseline -0.004 -14"><span class='ocrx_word' id='word_1_224' title='bbox 104 2622 141 2677; x_wconf 92' lang='lat' dir='ltr'>Ut</span> <span class='ocrx_word' id='word_1_225' title='bbox 160 2623 297 2691; x_wconf 88' lang='lat' dir='ltr'>quondam</span> <span class='ocrx_word' id='word_1_226' title='bbox 316 2622 344 2675; x_wconf 87' lang='lat' dir='ltr'>in</span> <span class='ocrx_word' id='word_1_227' title='bbox 363 2621 472 2690; x_wconf 91' lang='lat' dir='ltr'>stipulis</span> <span class='ocrx_word' id='word_1_228' title='bbox 490 2638 604 2687; x_wconf 86' lang='lat' dir='ltr'>magnus</span> <span class='ocrx_word' id='word_1_229' title='bbox 625 2621 682 2674; x_wconf 91' lang='lat' dir='ltr'>sine</span> <span class='ocrx_word' id='word_1_230' title='bbox 703 2623 806 2676; x_wconf 87' lang='lat' dir='ltr'>viribus</span> <span class='ocrx_word' id='word_1_231' title='bbox 823 2624 901 2690; x_wconf 85' lang='lat' dir='ltr'>ignis,</span> 
     </span>
     <span class='ocr_line' id='line_1_35' title="bbox 104 2697 968 2766; baseline 0.005 -14"><span class='ocrx_word' id='word_1_232' title='bbox 104 2701 243 2752; x_wconf 86' lang='lat' dir='ltr'>Incassum</span> <span class='ocrx_word' id='word_1_233' title='bbox 263 2698 336 2750; x_wconf 86' lang='lat' dir='ltr'>furit.</span> <span class='ocrx_word' id='word_1_234' title='bbox 374 2698 446 2764; x_wconf 85' lang='lat' dir='ltr'>Ergo</span> <span class='ocrx_word' id='word_1_235' title='bbox 465 2697 568 2749; x_wconf 88' lang='lat' dir='ltr'>auirnos</span> <span class='ocrx_word' id='word_1_236' title='bbox 587 2713 743 2766; x_wconf 84' lang='lat' dir='ltr'>aevumque</span> <span class='ocrx_word' id='word_1_237' title='bbox 762 2699 871 2753; x_wconf 85' lang='lat' dir='ltr'>notabis</span> <span class='ocrx_word' id='word_1_238' title='bbox 930 2716 968 2756; x_wconf 77' lang='grc' dir='ltr'>ιω</span> 
     </span>
     <span class='ocr_line' id='line_1_36' title="bbox 104 2772 880 2844; baseline -0.003 -16"><span class='ocrx_word' id='word_1_239' title='bbox 104 2775 269 2844; x_wconf 83' lang='lat' dir='ltr'>Praecipue3</span> <span class='ocrx_word' id='word_1_240' title='bbox 287 2773 350 2826; x_wconf 83' lang='lat' dir='ltr'>liiuo</span> <span class='ocrx_word' id='word_1_241' title='bbox 368 2773 435 2825; x_wconf 87' lang='lat' dir='ltr'>alias</span> <span class='ocrx_word' id='word_1_242' title='bbox 454 2773 527 2837; x_wconf 87' lang='lat' dir='ltr'>artis,</span> <span class='ocrx_word' id='word_1_243' title='bbox 547 2772 708 2841; x_wconf 89' lang='lat' dir='ltr'>prolemque</span> <span class='ocrx_word' id='word_1_244' title='bbox 727 2779 880 2842; x_wconf 79' lang='lat' dir='ltr'>pareutum,</span> 
     </span>
     <span class='ocr_line' id='line_1_37' title="bbox 104 2849 855 2920; baseline 0.003 -18"><span class='ocrx_word' id='word_1_245' title='bbox 104 2850 139 2903; x_wconf 79' lang='lat' dir='ltr'>llt</span> <span class='ocrx_word' id='word_1_246' title='bbox 158 2853 218 2920; x_wconf 90' lang='lat' dir='ltr'>quis</span> <span class='ocrx_word' id='word_1_247' title='bbox 238 2850 335 2920; x_wconf 90' lang='lat' dir='ltr'>cuique</span> <span class='ocrx_word' id='word_1_248' title='bbox 354 2849 430 2901; x_wconf 90' lang='lat' dir='ltr'>dolor</span> <span class='ocrx_word' id='word_1_249' title='bbox 450 2849 528 2911; x_wconf 80' lang='lat' dir='ltr'>victo,</span> <span class='ocrx_word' id='word_1_250' title='bbox 549 2865 617 2914; x_wconf 91' lang='lat' dir='ltr'>quae</span> <span class='ocrx_word' id='word_1_251' title='bbox 637 2849 722 2915; x_wconf 87' lang='lat' dir='ltr'>gloria</span> <span class='ocrx_word' id='word_1_252' title='bbox 741 2851 855 2918; x_wconf 82' lang='lat' dir='ltr'>palmae.</span> 
     </span>
     <span class='ocr_line' id='line_1_38' title="bbox 102 2923 854 2995; baseline -0.003 -16"><span class='ocrx_word' id='word_1_253' title='bbox 102 2928 200 2980; x_wconf 89' lang='lat' dir='ltr'>Nonne</span> <span class='ocrx_word' id='word_1_254' title='bbox 218 2928 302 2994; x_wconf 82' lang='lat' dir='ltr'>vides,</span> <span class='ocrx_word' id='word_1_255' title='bbox 320 2943 381 2979; x_wconf 87' lang='lat' dir='ltr'>cum</span> <span class='ocrx_word' id='word_1_256' title='bbox 400 2923 543 2992; x_wconf 89' lang='lat' dir='ltr'>praecipiti</span> <span class='ocrx_word' id='word_1_257' title='bbox 562 2925 711 2978; x_wconf 83' lang='lat' dir='ltr'>certamine</span> <span class='ocrx_word' id='word_1_258' title='bbox 730 2942 854 2995; x_wconf 87' lang='lat' dir='ltr'>campum</span> 
     </span>
     <span class='ocr_line' id='line_1_39' title="bbox 103 3001 761 3071; baseline -0.003 -15"><span class='ocrx_word' id='word_1_259' title='bbox 103 3003 266 3071; x_wconf 84' lang='lat' dir='ltr'>Corripuere</span> <span class='ocrx_word' id='word_1_260' title='bbox 284 3006 424 3070; x_wconf 88' lang='lat' dir='ltr'>ruuntque</span> <span class='ocrx_word' id='word_1_261' title='bbox 443 3001 519 3052; x_wconf 86' lang='lat' dir='ltr'>effusi</span> <span class='ocrx_word' id='word_1_262' title='bbox 539 3016 646 3053; x_wconf 86' lang='lat' dir='ltr'>carcere</span> <span class='ocrx_word' id='word_1_263' title='bbox 658 3018 761 3067; x_wconf 89' lang='lat' dir='ltr'>currus,</span> 
     </span>
     <span class='ocr_line' id='line_1_40' title="bbox 103 3077 970 3148; baseline 0 -15"><span class='ocrx_word' id='word_1_264' title='bbox 103 3079 172 3133; x_wconf 85' lang='lat' dir='ltr'>Cum</span> <span class='ocrx_word' id='word_1_265' title='bbox 191 3096 252 3148; x_wconf 88' lang='lat' dir='ltr'>spes</span> <span class='ocrx_word' id='word_1_266' title='bbox 270 3083 394 3133; x_wconf 83' lang='lat' dir='ltr'>arrectae</span> <span class='ocrx_word' id='word_1_267' title='bbox 411 3078 547 3140; x_wconf 85' lang='lat' dir='ltr'>iuvenum,</span> <span class='ocrx_word' id='word_1_268' title='bbox 567 3077 785 3146; x_wconf 83' lang='lat' dir='ltr'>exsultantiaque</span> <span class='ocrx_word' id='word_1_269' title='bbox 804 3078 899 3134; x_wconf 89' lang='lat' dir='ltr'>haurit</span> <span class='ocrx_word' id='word_1_270' title='bbox 931 3098 970 3140; x_wconf 67' lang='grc' dir='ltr'>ιω</span> 
     </span>
     <span class='ocr_line' id='line_1_41' title="bbox 103 3150 872 3228; baseline -0.003 -16"><span class='ocrx_word' id='word_1_271' title='bbox 103 3155 194 3213; x_wconf 79' lang='lat' dir='ltr'>Corda</span> <span class='ocrx_word' id='word_1_272' title='bbox 211 3171 296 3228; x_wconf 81' lang='lat' dir='ltr'>pavor</span> <span class='ocrx_word' id='word_1_273' title='bbox 313 3154 441 3225; x_wconf 84' lang='lat' dir='ltr'>pulsausl</span> <span class='ocrx_word' id='word_1_274' title='bbox 478 3151 523 3207; x_wconf 89' lang='lat' dir='ltr'>Illi</span> <span class='ocrx_word' id='word_1_275' title='bbox 541 3150 546 3204; x_wconf 88' lang='lat' dir='ltr'>i</span> <span class='ocrx_word' id='word_1_276' title='bbox 586 3154 645 3206; x_wconf 89' lang='lat' dir='ltr'>tant</span> <span class='ocrx_word' id='word_1_277' title='bbox 663 3152 778 3208; x_wconf 83' lang='lat' dir='ltr'>verbero</span> <span class='ocrx_word' id='word_1_278' title='bbox 797 3155 872 3210; x_wconf 84' lang='lat' dir='ltr'>torto</span> 
     </span>
    </p>
   </div>
   <div class='ocr_carea' id='block_1_3' title="bbox 0 0 1020 3524">
    <p class='ocr_par' dir='ltr' id='par_1_7' title="bbox 0 0 1020 3524">
     <span class='ocr_line' id='line_1_42' title="bbox 0 0 1020 3524; baseline 0 1"><span class='ocrx_word' id='word_1_279' title='bbox 0 0 1020 3524; x_wconf 95' lang='lat' dir='ltr'> </span> 
     </span>
    </p>
   </div>
  </div>
 </body>
</html>
