2032 3524
347 121 529 169 AENEIDOS
547 120 616 170 LIB.
636 121 686 169 XI.
894 123 940 169 30⁵

94 204 205 271 Labore,
224 203 357 271 Nympha,
375 203 445 272 polo,
463 201 579 270 finisque
597 200 683 254 invise
701 201 820 269 Latinos,

93 281 189 334 Tristis
206 279 253 332 ubi
271 279 390 333 infausto
408 278 589 331 committitur
606 278 696 331 omine
713 294 812 345 pugna.

94 356 170 410 Haec
183 374 255 425 cape,
269 359 298 408 et
309 356 435 409 ultricem
447 355 577 423 pharetra
590 353 720 422 deprome
733 355 877 420 sagittam:
905 368 942 406 seo

94 431 161 499 Hac,
180 433 343 500 quicumque
361 448 466 484 sacrum
485 431 593 484 violarit
611 431 720 483 volnere
739 446 844 498 corpus,

92 507 159 560 Tros
178 508 306 575 Italusue,
325 508 391 559 mihi
410 508 513 574 pariter
531 507 580 560 det
598 507 727 574 sanguine
746 522 853 574 poenas

93 581 159 637 Post
177 600 227 651 ego
244 584 317 636 nube
335 599 400 636 cava
417 583 588 636 miserandae
606 599 704 650 corpus
722 586 751 636 ct
769 597 846 634 arma

94 659 242 727 Inspoliata
260 659 345 712 feram
364 659 475 723 tumulo,
495 659 656 727 patriaeque
674 674 810 726 reponam.

94 735 185 799 Dixit;
204 738 233 788 at
250 735 296 788 illa
314 734 380 787 levis
399 734 466 787 caeli
485 734 596 801 delapsa
614 750 663 801 per
681 750 761 787 auras
908 746 944 784 sss

94 811 226 877 Insonuit,
245 811 321 877 nigro
340 810 508 863 circumdata
526 810 635 863 turbine
654 826 758 878 corpus.

132 887 173 940 At
191 903 287 939 manus
304 887 411 939 interea
428 887 513 938 muris
527 886 646 938 'Troiana
663 886 828 953 propinquat

95 962 256 1030 Etruscique
274 963 356 1014 duces
375 962 554 1030 equitumque
573 962 708 1014 exercitus
727 962 820 1023 omnis,

94 1039 232 1106 Conpositi
251 1055 363 1091 numero
381 1038 409 1090 in
426 1041 538 1090 turmas.
575 1037 680 1090 llremit
698 1053 817 1104 aequore
835 1039 894 1088 toto

94 1114 233 1166 Insultans
251 1115 364 1181 sonipes,
384 1117 412 1166 et
429 1113 529 1181 pressis
548 1116 650 1180 pugnat
668 1112 782 1166 habenis
907 1126 944 1163 aio

95 1190 157 1243 Huc
175 1189 304 1242 obversus
323 1192 351 1242 et
368 1189 437 1252 hue;
454 1193 513 1241 tum
532 1189 587 1241 late
604 1189 709 1241 ferreus
727 1188 813 1240 hastis

94 1265 199 1318 Horret
216 1282 288 1332 ager,
308 1266 451 1333 campique
470 1265 551 1316 armis
570 1264 731 1317 sublimibus
749 1263 853 1316 ardent.

94 1340 153 1393 Nec
169 1358 223 1393 non
242 1341 384 1408 Messapus
403 1344 498 1393 contra
516 1341 671 1408 celeresque
691 1340 780 1392 Latini

94 1416 130 1468 m
148 1417 312 1469 cumfratre
332 1416 415 1469 Coras
434 1420 462 1469 et
480 1417 593 1487 uirginis
611 1416 654 1468 ala
673 1416 802 1468 Camillae

94 1491 212 1545 Adversi
230 1509 325 1559 campo
343 1492 483 1558 adparent,
501 1492 648 1560 hastasque
666 1491 788 1544 reductis
907 1503 943 1542 cos

95 1567 267 1620 Protendunt
285 1569 365 1635 longe
385 1568 497 1632 dextris,
516 1571 545 1620 et
564 1568 665 1635 spicula
683 1567 805 1631 vibrant3

96 1642 293 1711 Adventusque
311 1645 400 1696 virum
418 1643 598 1711 fremitusque
616 1643 735 1695 ardescit
754 1658 892 1711 equorum

96 1719 209 1786 Iamque
228 1719 301 1771 intra
318 1719 420 1772 iactum
438 1720 486 1772 teli
504 1735 664 1787 progressus
682 1723 799 1786 uterque

96 1795 279 1849 Constiterat:
298 1795 388 1848 subito
402 1800 549 1864 erumpunt
567 1796 691 1859 elamore,
709 1795 880 1862 furentisque

96 1869 282 1924 Exhortantur
300 1887 399 1938 equos3
418 1872 537 1923 fundunt
555 1871 635 1923 simul
653 1870 774 1937 undiquc
792 1870 855 1938 tela,
909 1886 944 1923 ero

96 1945 199 1999 Crebra
215 1947 285 1999 nivis
302 1947 365 2013 ritu,
385 1947 543 2014 caelumque
561 1945 702 1999 obtexitur
720 1945 822 1999 umbra

96 2020 229 2075 Continuo
246 2022 368 2075 adversis
387 2023 541 2089 Tyrrhenus
559 2026 588 2076 et
605 2039 667 2075 acer
687 2025 825 2075 Aconteus

96 2096 210 2151 Connixi
228 2099 371 2151 incurrunt
389 2098 481 2161 hastis,
499 2099 635 2167 primique
653 2098 757 2150 ruinam

96 2173 169 2226 Dant
187 2175 278 2227 sonitu
294 2175 406 2242 ingenti,
425 2176 616 2248 perfractaque
635 2173 892 2242 quadrupedantum

98 2245 211 2302 Pectora
227 2251 383 2317 pectoribus
401 2255 545 2318 rumpunt;
564 2267 692 2303 excussus
712 2251 850 2313 Aconteus
909 2264 945 2302 crs

97 2324 228 2378 Fulminis
245 2326 273 2378 in
291 2342 394 2378 morem
413 2329 461 2378 aut
479 2329 615 2378 tormento
634 2324 761 2392 ponderis
778 2324 840 2389 acti,

97 2400 262 2470 Praecipitat
280 2401 366 2468 longe,
385 2405 414 2454 ct
432 2403 515 2454 vitam
535 2401 667 2468 dispergit
685 2401 712 2452 in
731 2416 818 2452 arnas.

90 2475 240 2544 ‘Extemplo
258 2477 385 2531 turbatae
402 2478 481 2543 acies,
500 2477 625 2544 versique
643 2476 733 2530 Latini

96 2551 234 2605 Reiiciunt
251 2568 359 2619 parmas
378 2556 406 2605 et
424 2569 509 2620 equos
530 2552 566 2604 ad
585 2553 690 2603 moenia
711 2553 829 2603 vertunt.

95 2627 179 2680 Troes
197 2631 297 2695 agunt;
316 2628 440 2694 princeps
460 2632 564 2681 turmas
584 2627 690 2680 inducit
711 2627 809 2679 Asilas.
910 2639 946 2677 aar

97 2703 211 2773 lamque
229 2703 447 2772 propinquabant
468 2704 561 2771 portis,
581 2720 729 2770 rursusque
751 2703 842 2755 Latini

96 2778 248 2832 Clamorem
266 2780 373 2846 tollunt,
395 2783 423 2832 et
442 2779 533 2832 mollia
552 2779 620 2832 colla
639 2779 800 2830 reflectunt:

97 2853 135 2906 Hi
154 2854 270 2922 fugiunt,
292 2856 457 2923 penitusque
477 2854 549 2907 datis
568 2855 725 2907 referuntur
744 2852 863 2904 habenis.

97 2928 190 2993 Qualis
207 2928 254 2982 ubi
274 2931 378 2983 alterno
397 2947 558 2998 procurrens
579 2930 688 2996 gurgite
707 2932 806 2995 pontus

98 3003 176 3058 Nunc
187 3005 245 3058 ruit
256 3005 292 3057 ad
304 3008 413 3071 terram,
427 3006 604 3073 scopulosque
617 3003 762 3070 superiacit
774 3002 848 3054 unda
910 3015 944 3053 sau

98 3080 238 3148 Spumeus,
258 3083 462 3148 extremamque
483 3081 543 3133 sinu
561 3080 702 3149 perfundit
721 3095 846 3142 arenam;

99 3156 178 3210 Nunc
196 3156 310 3225 rapidus
330 3159 405 3210 retro
424 3161 508 3225 atque
528 3160 605 3210 aestu
624 3155 748 3209 revoluta
768 3152 911 3208 resorbens
939 3181 941 3185 Α
