2032 3524
93 114 123 159 '20
322 111 351 158 P.
373 111 525 158 VEItGILI
543 110 710 158 MARONIS

92 192 124 244 L.
144 193 215 258 Heu,
233 193 307 246 eadit
325 194 352 246 in
372 210 535 262 quemquam
554 197 661 248 tantum
681 194 786 248 seclusi
810 193 872 258 hou,
892 197 945 248 tua

161 267 238 320 nobis

94 344 183 396 Paene
203 344 282 397 simul
301 348 391 399 tecum
411 346 507 399 solatia
525 351 611 415 rapta,
631 348 771 400 Menaieai

92 420 160 483 Quis
172 424 282 473 caneret
295 421 451 489 Nymphas?
465 422 526 489 quis
539 423 649 475 humum
663 423 825 476 florentibus
838 423 932 476 herbis

93 497 247 564 spargeret,
266 500 315 550 aut
332 496 413 550 viridi
431 497 514 551 fontis
532 498 675 552 induceret
693 499 809 553 umbrat
920 514 946 554 xo

93 572 145 624 Vel
164 589 234 639 quae
252 572 358 641 sublegi
377 573 477 626 tacitus
494 574 546 626 tibi
565 575 684 628 earmina
702 591 796 643 nuper,

93 649 161 702 Cum
180 652 209 702 te
227 648 263 701 ad
278 641 393 702 delicias
411 651 504 713 ferres,
526 651 704 719 Amaryllida
721 654 848 706 nostrast

94 726 212 793 “Tityre
233 725 298 778 dum
316 726 525 780 redeo-brevis
545 731 587 780 est
604 729 763 796 via-pasce
780 727 905 796 cupellas,

94 802 129 855 Et
148 805 242 870 potum
260 805 353 870 pastas
371 819 429 870 ago,
448 803 548 871 Tityre,
567 807 596 856 et
614 803 686 858 inter
704 804 839 873 agendum

93 878 242 931 Occursare
260 894 350 947 capro,
367 895 451 932 cornu
468 879 532 932 ferit
551 879 604 944 ilie,
623 880 738 934 sivetu?
919 895 946 936 τε

92 954 134 1008 M.
156 955 243 1006 Immo
261 955 335 1017 haec,
354 971 424 1023 quac
443 954 516 1007 Varo
534 956 650 1008 necdum
668 956 790 1024 perfecta
813 955 944 1009 canebat:

94 1031 196 1096 “Vare,
214 1034 291 1083 tuum
311 1048 416 1098 nomon,
435 1035 546 1099 superet
563 1031 645 1084 modo
664 1031 777 1085 Mantua
795 1031 879 1100 nobis,

94 1106 214 1172 Mantua,
233 1123 289 1172 vae,
302 1101 425 1172 'miserae
443 1107 556 1161 nimium
574 1107 660 1160 vicina
678 1108 833 1173 Cremonae,

94 1183 244 1237 Cantantes
263 1184 379 1237 sublime
396 1185 487 1238 ferent
504 1184 539 1238 ad
558 1185 648 1238 sidera
665 1184 762 1253 cyeni''

93 1260 125 1313 L.
145 1260 189 1313 Sic
208 1263 255 1312 tua
274 1261 393 1327 Cyrneas
411 1261 517 1327 fugiant
536 1262 763 1335 examinatores,
920 1274 947 1313 ao

92 1336 138 1389 Sic
156 1336 241 1403 cytiso
259 1340 353 1404 pastae
372 1335 531 1388 distendant
550 1336 635 1390 ubera
654 1353 757 1404 vaceae,

94 1407 195 1479 incipe,
215 1412 237 1464 si
256 1411 322 1479 quid
341 1411 431 1464 habes.
474 1412 509 1464 n‘t
527 1429 571 1465 mo
589 1411 679 1466 fecero
697 1417 805 1480 poetam

94 1487 234 1552 I'iorides3
252 1491 315 1540 sunt
333 1487 444 1540 etmihi
465 1488 601 1552 earmina3
618 1505 662 1541 mo
681 1505 789 1556 quoquo
807 1487 903 1542 dicunt

94 1564 192 1616 Vatom
212 1567 352 1631 pastorcs;
371 1563 417 1616 seu
438 1581 491 1617 nou
509 1581 560 1632 ego
578 1564 706 1618 credulus
725 1565 787 1620 illis.

94 1640 163 1692 Nam
183 1656 270 1707 neque
288 1639 377 1692 adhuc
397 1640 480 1692 Vario
500 1640 601 1706 videor,
620 1657 670 1694 nee
689 1641 779 1694 dicero
799 1641 885 1694 Cinna
918 1655 945 1696 et

94 1715 189 1783 Digna,
208 1716 256 1768 scd
274 1719 385 1783 argutos
403 1716 475 1769 inter
493 1720 617 1786 strepere
635 1735 714 1770 anser
732 1718 825 1770 olores

93 1791 134 1844 M.
155 1792 187 1843 Id
207 1792 317 1860 quidem
336 1808 386 1859 ago
404 1795 433 1845 et
452 1793 559 1857 tacitus,
581 1793 687 1862 Lycida,
706 1810 811 1846 meeum
829 1795 887 1862 ipso

163 1868 261 1929 solute,

93 1943 122 1997 Si
140 1943 243 1996 valeam
262 1944 433 2008 meminisse,
451 1961 539 2012 neque
557 1949 599 1998 est
617 1946 735 2013 ignobile
753 1962 868 2000 carmen.

94 2021 177 2073 “ilue
195 2020 268 2084 ades,
287 2037 303 2072 ο
324 2021 455 2086 Galatca3
473 2023 534 2090 quis
552 2026 595 2075 est
613 2039 675 2075 nam
694 2022 774 2075 ludus
793 2023 820 2075 in
842 2022 925 2076 undis
934 2027 946 2078 'i

94 2096 148 2149 IIie
166 2113 215 2150 ver
232 2113 405 2164 purpureum,
423 2098 512 2151 varios
530 2099 573 2152 hic
591 2098 701 2152 flumina
719 2100 819 2152 circum
920 2113 947 2153 to

94 2172 197 2226 Fundit
215 2173 313 2226 humus
331 2173 417 2237 flores,
435 2174 479 2228 hic
496 2175 612 2228 eandida
629 2176 743 2244 populus
761 2185 839 2228 antro
988 2177 1004 2184 “

95 2250 230 2315 Imminet,
249 2254 279 2303 ot
296 2250 386 2304 lentae
405 2253 502 2304 texunt
520 2250 678 2302 umbracula
696 2251 784 2312 vitoe,

95 2325 156 2377 line
175 2325 260 2390 ades;
278 2327 365 2379 insani
383 2326 483 2378 feriant
502 2325 559 2376 sinc
579 2323 658 2376 litora
677 2324 798 2377 fluetus''

57 2400 58 2403 ’
94 2401 124 2452 L.
145 2401 224 2469 Quid,
244 2419 314 2470 quae
332 2406 361 2455 to
380 2418 448 2469 pura
468 2399 553 2452 solum
573 2397 623 2450 sub
642 2404 722 2452 noete
741 2405 882 2454 canentem

96 2478 265 2531 Audierami
284 2494 411 2530 numeros
431 2474 549 2540 memini,
571 2474 593 2525 si
613 2475 697 2527 verba
715 2480 844 2530 tenerem.
920 2495 947 2534 45
971 2474 973 2478 ⁸

95 2552 134 2604 M.
153 2554 292 2622 “Daphni
312 2555 380 2622 quid
398 2553 524 2618 antiquos
543 2550 680 2616 signorum
699 2555 812 2621 suspicis
829 2558 927 2613 ortusi

96 2629 162 2682 Eece
183 2630 295 2683 Dionaei
315 2629 448 2698 processit
467 2626 591 2678 Caesaris
608 2631 720 2694 astrum,

97 2707 218 2772 nstrum,
237 2723 291 2774 quo
312 2708 419 2772 segetes
437 2700 589 2770 gauderent
606 2701 740 2769 frugibus,
758 2709 787 2758 et
805 2721 858 2772 quo

96 2780 216 2834 Duceret
233 2782 331 2850 apricis
350 2782 377 2833 in
395 2778 508 2833 collibus
525 2793 578 2828 uva
593 2778 720 2832 colorem.

97 2856 198 2923 insere,
218 2857 334 2925 Daphni,
353 2856 445 2923 piros;
463 2856 575 2919 carpent
593 2856 641 2904 tua
658 2871 738 2922 poma
755 2857 891 2921 nepotes?
920 2873 947 2910 so

95 2932 192 2983 Omnia
210 2933 264 2984 fert
283 2936 365 2996 aetas,
385 2930 504 2981 animum
524 2945 647 2996 quoque:
667 2947 746 2998 saepe
765 2946 815 2996 ego
833 2929 928 2995 longos

96 3008 237 3062 Cantando
255 3025 369 3077 puerum
389 3005 498 3058 memini
517 3021 560 3056 mc
579 3005 697 3058 condere
712 3007 801 3059 soles:

96 3082 174 3133 Nune
192 3083 278 3138 oblita
295 3083 361 3136 mihi
380 3085 423 3135 tot
441 3079 559 3132 earmina
573 3100 579 3142 ;
595 3095 647 3131 vox
665 3095 773 3149 quoquc
790 3076 907 3133 Moerim

96 3157 155 3209 Iam
174 3157 245 3223 fugit
263 3159 339 3222 ipsa;
357 3157 413 3225 lupi
432 3154 548 3208 Moerim
566 3153 660 3206 videro
677 3153 787 3222 priores.
