<?xml version="1.0" encoding="UTF-8"?>
<!DOCTYPE html PUBLIC "-//W3C//DTD XHTML 1.0 Transitional//EN"
    "http://www.w3.org/TR/xhtml1/DTD/xhtml1-transitional.dtd">
<html xmlns="http://www.w3.org/1999/xhtml" xml:lang="en" lang="en">
 <head>
  <title>
</title>
<meta http-equiv="Content-Type" content="text/html;charset=utf-8" />
  <meta name='ocr-system' content='tesseract 3.04.00' />
  <meta name='ocr-capabilities' content='ocr_page ocr_carea ocr_par ocr_line ocrx_word'/>
</head>
<body>
  <div class='ocr_page' id='page_1' title='image "./publivergilimar01virggoog/publivergilimar01virggoog_0249.png"; bbox 0 0 2032 3524; ppageno 0'>
   <div class='ocr_carea' id='block_1_1' title="bbox 81 109 697 157">
    <p class='ocr_par' dir='ltr' id='par_1_1' title="bbox 81 109 697 157">
     <span class='ocr_line' id='line_1_1' title="bbox 81 109 697 157; baseline 0.005 -3"><span class='ocrx_word' id='word_1_1' title='bbox 81 110 127 154; x_wconf 69' lang='lat' dir='ltr'><strong>ab·</strong></span> <span class='ocrx_word' id='word_1_2' title='bbox 316 109 343 156; x_wconf 88' lang='lat' dir='ltr'><strong>P.</strong></span> <span class='ocrx_word' id='word_1_3' title='bbox 365 109 516 157; x_wconf 71' lang='lat' dir='ltr'><strong>verteret</strong></span> <span class='ocrx_word' id='word_1_4' title='bbox 533 109 697 157; x_wconf 81' lang='lat' dir='ltr'>MARONIS</span> 
     </span>
    </p>
   </div>
   <div class='ocr_carea' id='block_1_2' title="bbox 82 188 928 487">
    <p class='ocr_par' dir='ltr' id='par_1_2' title="bbox 82 188 739 257">
     <span class='ocr_line' id='line_1_2' title="bbox 82 188 739 257; baseline 0.003 -17"><span class='ocrx_word' id='word_1_5' title='bbox 82 188 191 240; x_wconf 80' lang='lat' dir='ltr'><strong>invidet</strong></span> <span class='ocrx_word' id='word_1_6' title='bbox 210 188 342 255; x_wconf 82' lang='lat' dir='ltr'><strong>inperium</strong></span> <span class='ocrx_word' id='word_1_7' title='bbox 362 205 493 257; x_wconf 73' lang='lat' dir='ltr'><strong>acuteque</strong></span> <span class='ocrx_word' id='word_1_8' title='bbox 511 190 547 242; x_wconf 88' lang='lat' dir='ltr'><strong>ad</strong></span> <span class='ocrx_word' id='word_1_9' title='bbox 563 190 645 242; x_wconf 81' lang='lat' dir='ltr'><strong>sertia</strong></span> <span class='ocrx_word' id='word_1_10' title='bbox 662 191 739 243; x_wconf 79' lang='lat' dir='ltr'><strong>vires.</strong></span> 
     </span>
    </p>

    <p class='ocr_par' dir='ltr' id='par_1_3' title="bbox 82 264 928 409">
     <span class='ocr_line' id='line_1_3' title="bbox 82 264 928 327; baseline 0.008 -12"><span class='ocrx_word' id='word_1_11' title='bbox 82 264 184 316; x_wconf 79' lang='lat' dir='ltr'><strong>Natum</strong></span> <span class='ocrx_word' id='word_1_12' title='bbox 203 265 369 327; x_wconf 82' lang='lat' dir='ltr'><strong>exhortarer,</strong></span> <span class='ocrx_word' id='word_1_13' title='bbox 388 266 414 317; x_wconf 93' lang='lat' dir='ltr'><strong>ni</strong></span> <span class='ocrx_word' id='word_1_14' title='bbox 434 266 536 319; x_wconf 88' lang='lat' dir='ltr'><strong>mixtus</strong></span> <span class='ocrx_word' id='word_1_15' title='bbox 553 270 641 319; x_wconf 90' lang='lat' dir='ltr'><strong>matre</strong></span> <span class='ocrx_word' id='word_1_16' title='bbox 660 265 767 319; x_wconf 78' lang='lat' dir='ltr'><strong>Sabella</strong></span> <span class='ocrx_word' id='word_1_17' title='bbox 891 282 928 322; x_wconf 80' lang='lat' dir='ltr'><strong>tle</strong></span> 
     </span>
     <span class='ocr_line' id='line_1_4' title="bbox 83 342 872 409; baseline 0.006 -17"><span class='ocrx_word' id='word_1_18' title='bbox 83 342 155 392; x_wconf 88' lang='lat' dir='ltr'><strong>liiue</strong></span> <span class='ocrx_word' id='word_1_19' title='bbox 175 354 278 408; x_wconf 75' lang='lat' dir='ltr'><strong>partem</strong></span> <span class='ocrx_word' id='word_1_20' title='bbox 299 343 403 409; x_wconf 88' lang='lat' dir='ltr'><strong>patriae</strong></span> <span class='ocrx_word' id='word_1_21' title='bbox 422 342 551 395; x_wconf 86' lang='lat' dir='ltr'><strong>traheret.</strong></span> <span class='ocrx_word' id='word_1_22' title='bbox 589 343 636 408; x_wconf 84' lang='lat' dir='ltr'><strong>Tu,</strong></span> <span class='ocrx_word' id='word_1_23' title='bbox 655 343 729 395; x_wconf 85' lang='lat' dir='ltr'><strong>cuius</strong></span> <span class='ocrx_word' id='word_1_24' title='bbox 747 346 776 397; x_wconf 89' lang='lat' dir='ltr'><strong>et</strong></span> <span class='ocrx_word' id='word_1_25' title='bbox 793 343 872 397; x_wconf 83' lang='lat' dir='ltr'><strong>annis</strong></span> 
     </span>
    </p>

    <p class='ocr_par' dir='ltr' id='par_1_4' title="bbox 83 418 840 487">
     <span class='ocr_line' id='line_1_5' title="bbox 83 418 840 487; baseline 0.007 -19"><span class='ocrx_word' id='word_1_26' title='bbox 83 418 117 469; x_wconf 76' lang='lat' dir='ltr'><strong>iit</strong></span> <span class='ocrx_word' id='word_1_27' title='bbox 135 419 228 483; x_wconf 79' lang='lat' dir='ltr'><strong>generi</strong></span> <span class='ocrx_word' id='word_1_28' title='bbox 247 418 303 470; x_wconf 74' lang='lat' dir='ltr'><strong>saa</strong></span> <span class='ocrx_word' id='word_1_29' title='bbox 322 418 471 485; x_wconf 74' lang='lat' dir='ltr'><strong>indulgent,</strong></span> <span class='ocrx_word' id='word_1_30' title='bbox 489 436 570 486; x_wconf 85' lang='lat' dir='ltr'><strong>quem</strong></span> <span class='ocrx_word' id='word_1_31' title='bbox 589 419 699 471; x_wconf 85' lang='lat' dir='ltr'><strong>rnunina</strong></span> <span class='ocrx_word' id='word_1_32' title='bbox 717 424 840 487; x_wconf 81' lang='lat' dir='ltr'><strong>pascunt,</strong></span> 
     </span>
    </p>
   </div>
   <div class='ocr_carea' id='block_1_3' title="bbox 80 494 941 3225">
    <p class='ocr_par' dir='ltr' id='par_1_5' title="bbox 81 494 930 1018">
     <span class='ocr_line' id='line_1_6' title="bbox 83 494 929 561; baseline 0.008 -17"><span class='ocrx_word' id='word_1_33' title='bbox 83 494 238 560; x_wconf 80' lang='lat' dir='ltr'><strong>ingredere,</strong></span> <span class='ocrx_word' id='word_1_34' title='bbox 257 516 272 545; x_wconf 90' lang='grc' dir='ltr'>υ</span> <span class='ocrx_word' id='word_1_35' title='bbox 290 495 423 547; x_wconf 85' lang='lat' dir='ltr'><strong>&#39;i&#39;eumum</strong></span> <span class='ocrx_word' id='word_1_36' title='bbox 441 499 523 561; x_wconf 88' lang='lat' dir='ltr'><strong>atque</strong></span> <span class='ocrx_word' id='word_1_37' title='bbox 540 494 641 547; x_wconf 91' lang='lat' dir='ltr'><strong>Italum</strong></span> <span class='ocrx_word' id='word_1_38' title='bbox 659 495 806 548; x_wconf 81' lang='lat' dir='ltr'><strong>fortissime</strong></span> <span class='ocrx_word' id='word_1_39' title='bbox 820 495 929 551; x_wconf 81' lang='lat' dir='ltr'><strong>ductor.</strong></span> 
     </span>
     <span class='ocr_line' id='line_1_7' title="bbox 83 570 753 638; baseline 0.003 -17"><span class='ocrx_word' id='word_1_40' title='bbox 83 570 162 622; x_wconf 86' lang='lat' dir='ltr'><strong>Hune</strong></span> <span class='ocrx_word' id='word_1_41' title='bbox 182 570 231 621; x_wconf 89' lang='lat' dir='ltr'><strong>tibi</strong></span> <span class='ocrx_word' id='word_1_42' title='bbox 250 574 399 638; x_wconf 64' lang='lat' dir='ltr'><strong>praeterea,</strong></span> <span class='ocrx_word' id='word_1_43' title='bbox 419 587 481 638; x_wconf 71' lang='lat' dir='ltr'><strong>epm</strong></span> <span class='ocrx_word' id='word_1_44' title='bbox 499 574 528 623; x_wconf 91' lang='lat' dir='ltr'><strong>ct</strong></span> <span class='ocrx_word' id='word_1_45' title='bbox 547 570 642 624; x_wconf 83' lang='lat' dir='ltr'><strong>salatia</strong></span> <span class='ocrx_word' id='word_1_46' title='bbox 660 571 753 633; x_wconf 80' lang='lat' dir='ltr'><strong>nostri,</strong></span> 
     </span>
     <span class='ocr_line' id='line_1_8' title="bbox 82 646 930 715; baseline 0.006 -18"><span class='ocrx_word' id='word_1_47' title='bbox 82 646 203 698; x_wconf 77' lang='lat' dir='ltr'>Pallanta</span> <span class='ocrx_word' id='word_1_48' title='bbox 221 647 382 713; x_wconf 80' lang='lat' dir='ltr'><strong>adiungmn;</strong></span> <span class='ocrx_word' id='word_1_49' title='bbox 400 647 451 699; x_wconf 83' lang='lat' dir='ltr'><strong>sub</strong></span> <span class='ocrx_word' id='word_1_50' title='bbox 471 650 498 699; x_wconf 87' lang='lat' dir='ltr'><strong>te</strong></span> <span class='ocrx_word' id='word_1_51' title='bbox 516 647 634 699; x_wconf 88' lang='lat' dir='ltr'><strong>tolerare</strong></span> <span class='ocrx_word' id='word_1_52' title='bbox 651 647 782 715; x_wconf 82' lang='lat' dir='ltr'><strong>magistre</strong></span> <span class='ocrx_word' id='word_1_53' title='bbox 892 664 930 703; x_wconf 79' lang='lat'><strong>⁵15</strong></span> 
     </span>
     <span class='ocr_line' id='line_1_9' title="bbox 81 722 852 791; baseline 0.004 -18"><span class='ocrx_word' id='word_1_54' title='bbox 81 722 206 774; x_wconf 84' lang='lat' dir='ltr'><strong>Militiam</strong></span> <span class='ocrx_word' id='word_1_55' title='bbox 226 726 254 775; x_wconf 90' lang='lat' dir='ltr'><strong>et</strong></span> <span class='ocrx_word' id='word_1_56' title='bbox 272 739 355 788; x_wconf 73' lang='lat' dir='ltr'><strong>graue</strong></span> <span class='ocrx_word' id='word_1_57' title='bbox 375 722 472 775; x_wconf 80' lang='lat' dir='ltr'><strong>Martia</strong></span> <span class='ocrx_word' id='word_1_58' title='bbox 491 740 566 791; x_wconf 77' lang='lat' dir='ltr'><strong>opus,</strong></span> <span class='ocrx_word' id='word_1_59' title='bbox 584 727 632 775; x_wconf 89' lang='lat' dir='ltr'><strong>tua</strong></span> <span class='ocrx_word' id='word_1_60' title='bbox 650 739 761 775; x_wconf 88' lang='lat' dir='ltr'><strong>cernere</strong></span> <span class='ocrx_word' id='word_1_61' title='bbox 778 723 852 776; x_wconf 83' lang='lat' dir='ltr'><strong>facta</strong></span> 
     </span>
     <span class='ocr_line' id='line_1_10' title="bbox 81 797 738 866; baseline 0.005 -17"><span class='ocrx_word' id='word_1_62' title='bbox 81 797 242 859; x_wconf 77' lang='lat' dir='ltr'><strong>Adsuescat,</strong></span> <span class='ocrx_word' id='word_1_63' title='bbox 262 800 356 866; x_wconf 74' lang='lat' dir='ltr'><strong>primis</strong></span> <span class='ocrx_word' id='word_1_64' title='bbox 375 802 403 853; x_wconf 88' lang='lat' dir='ltr'><strong>et</strong></span> <span class='ocrx_word' id='word_1_65' title='bbox 421 803 450 851; x_wconf 92' lang='lat' dir='ltr'><strong>te</strong></span> <span class='ocrx_word' id='word_1_66' title='bbox 468 800 583 852; x_wconf 91' lang='lat' dir='ltr'><strong>miretur</strong></span> <span class='ocrx_word' id='word_1_67' title='bbox 601 798 636 851; x_wconf 88' lang='lat' dir='ltr'><strong>ab</strong></span> <span class='ocrx_word' id='word_1_68' title='bbox 653 798 738 852; x_wconf 78' lang='lat' dir='ltr'><strong>annin.</strong></span> 
     </span>
     <span class='ocr_line' id='line_1_11' title="bbox 83 873 818 944; baseline 0.001 -18"><span class='ocrx_word' id='word_1_69' title='bbox 83 875 203 927; x_wconf 73' lang='lat' dir='ltr'><strong>dreadas</strong></span> <span class='ocrx_word' id='word_1_70' title='bbox 221 875 283 927; x_wconf 91' lang='lat' dir='ltr'><strong>huie</strong></span> <span class='ocrx_word' id='word_1_71' title='bbox 302 876 409 943; x_wconf 76' lang='lat' dir='ltr'><strong>equites</strong></span> <span class='ocrx_word' id='word_1_72' title='bbox 427 874 468 927; x_wconf 81' lang='lat' dir='ltr'><strong>bia</strong></span> <span class='ocrx_word' id='word_1_73' title='bbox 487 878 604 939; x_wconf 89' lang='lat' dir='ltr'><strong>eentum,</strong></span> <span class='ocrx_word' id='word_1_74' title='bbox 622 874 721 927; x_wconf 89' lang='lat' dir='ltr'><strong>robora</strong></span> <span class='ocrx_word' id='word_1_75' title='bbox 738 873 818 944; x_wconf 78' lang='lat' dir='ltr'><strong>pubis</strong></span> 
     </span>
     <span class='ocr_line' id='line_1_12' title="bbox 82 950 834 1018; baseline 0.004 -17"><span class='ocrx_word' id='word_1_76' title='bbox 82 951 171 1016; x_wconf 84' lang='lat' dir='ltr'><strong>Lecta,</strong></span> <span class='ocrx_word' id='word_1_77' title='bbox 191 950 269 1018; x_wconf 86' lang='lat' dir='ltr'><strong>dabo,</strong></span> <span class='ocrx_word' id='word_1_78' title='bbox 289 951 460 1017; x_wconf 86' lang='lat' dir='ltr'><strong>totidemque</strong></span> <span class='ocrx_word' id='word_1_79' title='bbox 478 968 526 1003; x_wconf 87' lang='lat' dir='ltr'><strong>sue</strong></span> <span class='ocrx_word' id='word_1_80' title='bbox 544 951 594 1003; x_wconf 92' lang='lat' dir='ltr'><strong>tibi</strong></span> <span class='ocrx_word' id='word_1_81' title='bbox 611 951 719 1004; x_wconf 89' lang='lat' dir='ltr'><strong>nemine</strong></span> <span class='ocrx_word' id='word_1_82' title='bbox 738 950 834 1004; x_wconf 69' lang='lat' dir='ltr'><strong>Pareae</strong></span> 
     </span>
    </p>

    <p class='ocr_par' dir='ltr' id='par_1_6' title="bbox 80 1026 938 2616">
     <span class='ocr_line' id='line_1_13' title="bbox 116 1026 930 1095; baseline 0.004 -17"><span class='ocrx_word' id='word_1_83' title='bbox 116 1028 167 1079; x_wconf 81' lang='lat' dir='ltr'><strong>vix</strong></span> <span class='ocrx_word' id='word_1_84' title='bbox 188 1029 309 1081; x_wconf 82' lang='lat' dir='ltr'><strong>casatus</strong></span> <span class='ocrx_word' id='word_1_85' title='bbox 328 1033 403 1080; x_wconf 87' lang='lat' dir='ltr'><strong>crat:</strong></span> <span class='ocrx_word' id='word_1_86' title='bbox 430 1027 566 1095; x_wconf 80' lang='lat' dir='ltr'><strong>defixique</strong></span> <span class='ocrx_word' id='word_1_87' title='bbox 585 1045 632 1080; x_wconf 88' lang='lat' dir='ltr'><strong>ora</strong></span> <span class='ocrx_word' id='word_1_88' title='bbox 649 1026 782 1080; x_wconf 89' lang='lat' dir='ltr'><strong>tenebant</strong></span> <span class='ocrx_word' id='word_1_89' title='bbox 892 1041 930 1081; x_wconf 75' lang='lat' dir='ltr'><strong>eae</strong></span> 
     </span>
     <span class='ocr_line' id='line_1_14' title="bbox 84 1103 678 1168; baseline 0.002 -13"><span class='ocrx_word' id='word_1_90' title='bbox 84 1108 188 1157; x_wconf 80' lang='lat' dir='ltr'><strong>deneas</strong></span> <span class='ocrx_word' id='word_1_91' title='bbox 209 1103 387 1157; x_wconf 80' lang='lat' dir='ltr'><strong>Anchisiades</strong></span> <span class='ocrx_word' id='word_1_92' title='bbox 406 1108 434 1156; x_wconf 90' lang='lat' dir='ltr'><strong>et</strong></span> <span class='ocrx_word' id='word_1_93' title='bbox 453 1104 523 1156; x_wconf 83' lang='lat' dir='ltr'><strong>fidus</strong></span> <span class='ocrx_word' id='word_1_94' title='bbox 543 1104 678 1168; x_wconf 80' lang='lat' dir='ltr'><strong>Achates;</strong></span> 
     </span>
     <span class='ocr_line' id='line_1_15' title="bbox 82 1179 810 1248; baseline 0 -17"><span class='ocrx_word' id='word_1_95' title='bbox 82 1180 224 1247; x_wconf 81' lang='lat' dir='ltr'><strong>Multaque</strong></span> <span class='ocrx_word' id='word_1_96' title='bbox 243 1179 377 1232; x_wconf 82' lang='lat' dir='ltr'><strong>durusne</strong></span> <span class='ocrx_word' id='word_1_97' title='bbox 397 1180 469 1232; x_wconf 89' lang='lat' dir='ltr'><strong>tristi</strong></span> <span class='ocrx_word' id='word_1_98' title='bbox 488 1197 548 1232; x_wconf 89' lang='lat' dir='ltr'><strong>cum</strong></span> <span class='ocrx_word' id='word_1_99' title='bbox 568 1179 650 1233; x_wconf 89' lang='lat' dir='ltr'><strong>corde</strong></span> <span class='ocrx_word' id='word_1_100' title='bbox 667 1179 810 1248; x_wconf 80' lang='lat' dir='ltr'><strong>putabant,</strong></span> 
     </span>
     <span class='ocr_line' id='line_1_16' title="bbox 82 1256 753 1322; baseline 0.006 -15"><span class='ocrx_word' id='word_1_101' title='bbox 82 1256 103 1307; x_wconf 80' lang='lat' dir='ltr'>N</span> <span class='ocrx_word' id='word_1_102' title='bbox 109 1257 116 1307; x_wconf 94' lang='lat' dir='ltr'><strong>i</strong></span> <span class='ocrx_word' id='word_1_103' title='bbox 134 1257 242 1322; x_wconf 78' lang='lat' dir='ltr'><strong>signum</strong></span> <span class='ocrx_word' id='word_1_104' title='bbox 261 1258 336 1309; x_wconf 89' lang='lat' dir='ltr'><strong>caele</strong></span> <span class='ocrx_word' id='word_1_105' title='bbox 355 1257 490 1322; x_wconf 67' lang='lat' dir='ltr'><strong>(fytberea</strong></span> <span class='ocrx_word' id='word_1_106' title='bbox 508 1256 631 1308; x_wconf 80' lang='lat' dir='ltr'><strong>dedisset</strong></span> <span class='ocrx_word' id='word_1_107' title='bbox 649 1260 753 1322; x_wconf 85' lang='lat' dir='ltr'><strong>aperto.</strong></span> 
     </span>
     <span class='ocr_line' id='line_1_17' title="bbox 82 1330 789 1400; baseline 0.003 -17"><span class='ocrx_word' id='word_1_108' title='bbox 82 1333 206 1399; x_wconf 80' lang='lat' dir='ltr'><strong>N:nnque</strong></span> <span class='ocrx_word' id='word_1_109' title='bbox 224 1333 359 1400; x_wconf 80' lang='lat' dir='ltr'><strong>inprovise</strong></span> <span class='ocrx_word' id='word_1_110' title='bbox 379 1332 500 1397; x_wconf 72' lang='lat' dir='ltr'><strong>vibratus</strong></span> <span class='ocrx_word' id='word_1_111' title='bbox 518 1332 553 1384; x_wconf 88' lang='lat' dir='ltr'><strong>ab</strong></span> <span class='ocrx_word' id='word_1_112' title='bbox 571 1332 682 1386; x_wconf 79' lang='lat' dir='ltr'>aethere</span> <span class='ocrx_word' id='word_1_113' title='bbox 700 1330 789 1398; x_wconf 81' lang='lat' dir='ltr'>fulgor</span> 
     </span>
     <span class='ocr_line' id='line_1_18' title="bbox 81 1407 931 1475; baseline 0.005 -20"><span class='ocrx_word' id='word_1_114' title='bbox 81 1410 149 1459; x_wconf 75' lang='lat' dir='ltr'><strong>(bun</strong></span> <span class='ocrx_word' id='word_1_115' title='bbox 168 1409 257 1459; x_wconf 84' lang='lat' dir='ltr'><strong>sonitu</strong></span> <span class='ocrx_word' id='word_1_116' title='bbox 276 1409 356 1473; x_wconf 83' lang='lat' dir='ltr'><strong>venit,</strong></span> <span class='ocrx_word' id='word_1_117' title='bbox 375 1414 403 1461; x_wconf 92' lang='lat' dir='ltr'><strong>et</strong></span> <span class='ocrx_word' id='word_1_118' title='bbox 421 1425 501 1460; x_wconf 92' lang='lat' dir='ltr'><strong>ruere</strong></span> <span class='ocrx_word' id='word_1_119' title='bbox 519 1408 609 1460; x_wconf 90' lang='lat' dir='ltr'><strong>emnia</strong></span> <span class='ocrx_word' id='word_1_120' title='bbox 627 1407 684 1459; x_wconf 81' lang='lat' dir='ltr'><strong>risa</strong></span> <span class='ocrx_word' id='word_1_121' title='bbox 701 1410 823 1475; x_wconf 87' lang='lat' dir='ltr'><strong>repente,</strong></span> <span class='ocrx_word' id='word_1_122' title='bbox 891 1420 931 1459; x_wconf 58' lang='grc' dir='ltr'><strong>εκ</strong></span> 
     </span>
     <span class='ocr_line' id='line_1_19' title="bbox 81 1481 846 1552; baseline 0.001 -18"><span class='ocrx_word' id='word_1_123' title='bbox 81 1485 288 1551; x_wconf 74' lang='lat' dir='ltr'><strong>Tyrrhenusque</strong></span> <span class='ocrx_word' id='word_1_124' title='bbox 307 1484 390 1537; x_wconf 85' lang='lat' dir='ltr'><strong>tubae</strong></span> <span class='ocrx_word' id='word_1_125' title='bbox 409 1486 513 1551; x_wconf 88' lang='lat' dir='ltr'><strong>mugire</strong></span> <span class='ocrx_word' id='word_1_126' title='bbox 532 1501 581 1552; x_wconf 90' lang='lat' dir='ltr'><strong>per</strong></span> <span class='ocrx_word' id='word_1_127' title='bbox 600 1483 712 1536; x_wconf 82' lang='lat' dir='ltr'><strong>aethera</strong></span> <span class='ocrx_word' id='word_1_128' title='bbox 729 1481 846 1549; x_wconf 82' lang='lat' dir='ltr'><strong>clangor.</strong></span> 
     </span>
     <span class='ocr_line' id='line_1_20' title="bbox 80 1557 929 1629; baseline 0 -18"><span class='ocrx_word' id='word_1_129' title='bbox 80 1560 250 1626; x_wconf 68' lang='lat' dir='ltr'><strong>Suspiciunt3</strong></span> <span class='ocrx_word' id='word_1_130' title='bbox 264 1560 364 1613; x_wconf 91' lang='lat' dir='ltr'><strong>iterum</strong></span> <span class='ocrx_word' id='word_1_131' title='bbox 377 1564 461 1629; x_wconf 79' lang='lat' dir='ltr'><strong>atque</strong></span> <span class='ocrx_word' id='word_1_132' title='bbox 473 1560 573 1613; x_wconf 87' lang='lat' dir='ltr'><strong>iterum</strong></span> <span class='ocrx_word' id='word_1_133' title='bbox 586 1560 678 1627; x_wconf 78' lang='lat' dir='ltr'><strong>fragor</strong></span> <span class='ocrx_word' id='word_1_134' title='bbox 689 1560 812 1627; x_wconf 78' lang='lat' dir='ltr'><strong>increpat</strong></span> <span class='ocrx_word' id='word_1_135' title='bbox 823 1557 929 1627; x_wconf 69' lang='lat' dir='ltr'><strong>ingena</strong></span> 
     </span>
     <span class='ocr_line' id='line_1_21' title="bbox 82 1635 750 1703; baseline -0.001 -16"><span class='ocrx_word' id='word_1_136' title='bbox 82 1637 167 1688; x_wconf 72' lang='lat' dir='ltr'><strong>,trma</strong></span> <span class='ocrx_word' id='word_1_137' title='bbox 185 1635 257 1688; x_wconf 87' lang='lat' dir='ltr'><strong>inter</strong></span> <span class='ocrx_word' id='word_1_138' title='bbox 275 1636 375 1689; x_wconf 89' lang='lat' dir='ltr'><strong>nubem</strong></span> <span class='ocrx_word' id='word_1_139' title='bbox 394 1636 461 1688; x_wconf 92' lang='lat' dir='ltr'><strong>eaeli</strong></span> <span class='ocrx_word' id='word_1_140' title='bbox 479 1636 506 1688; x_wconf 92' lang='lat' dir='ltr'><strong>in</strong></span> <span class='ocrx_word' id='word_1_141' title='bbox 525 1636 635 1703; x_wconf 82' lang='lat' dir='ltr'><strong>regione</strong></span> <span class='ocrx_word' id='word_1_142' title='bbox 655 1651 750 1689; x_wconf 85' lang='lat' dir='ltr'><strong>serena</strong></span> 
     </span>
     <span class='ocr_line' id='line_1_22' title="bbox 83 1711 760 1779; baseline 0.007 -20"><span class='ocrx_word' id='word_1_143' title='bbox 83 1712 135 1763; x_wconf 79' lang='lat' dir='ltr'><strong>Per</strong></span> <span class='ocrx_word' id='word_1_144' title='bbox 153 1711 250 1763; x_wconf 87' lang='lat' dir='ltr'><strong>sudum</strong></span> <span class='ocrx_word' id='word_1_145' title='bbox 270 1712 383 1764; x_wconf 80' lang='lat' dir='ltr'><strong>rutilme</strong></span> <span class='ocrx_word' id='word_1_146' title='bbox 401 1712 496 1764; x_wconf 84' lang='lat' dir='ltr'><strong>vident</strong></span> <span class='ocrx_word' id='word_1_147' title='bbox 514 1716 543 1765; x_wconf 90' lang='lat' dir='ltr'><strong>et</strong></span> <span class='ocrx_word' id='word_1_148' title='bbox 561 1712 639 1779; x_wconf 83' lang='lat' dir='ltr'><strong>pulsa</strong></span> <span class='ocrx_word' id='word_1_149' title='bbox 657 1715 760 1764; x_wconf 89' lang='lat' dir='ltr'><strong>tonare.</strong></span> 
     </span>
     <span class='ocr_line' id='line_1_23' title="bbox 81 1787 931 1854; baseline 0 -15"><span class='ocrx_word' id='word_1_150' title='bbox 81 1788 244 1854; x_wconf 76' lang='lat' dir='ltr'><strong>Obstipuere</strong></span> <span class='ocrx_word' id='word_1_151' title='bbox 263 1788 358 1840; x_wconf 86' lang='lat' dir='ltr'><strong>animis</strong></span> <span class='ocrx_word' id='word_1_152' title='bbox 377 1788 436 1852; x_wconf 89' lang='lat' dir='ltr'><strong>alii;</strong></span> <span class='ocrx_word' id='word_1_153' title='bbox 460 1788 509 1840; x_wconf 88' lang='lat' dir='ltr'><strong>sed</strong></span> <span class='ocrx_word' id='word_1_154' title='bbox 528 1789 623 1841; x_wconf 82' lang='lat' dir='ltr'><strong>Troius</strong></span> <span class='ocrx_word' id='word_1_155' title='bbox 641 1787 720 1839; x_wconf 84' lang='lat' dir='ltr'><strong>beree</strong></span> <span class='ocrx_word' id='word_1_156' title='bbox 891 1800 931 1839; x_wconf 72' lang='lat' dir='ltr'><strong>me</strong></span> 
     </span>
     <span class='ocr_line' id='line_1_24' title="bbox 81 1861 798 1932; baseline 0 -17"><span class='ocrx_word' id='word_1_157' title='bbox 81 1864 220 1929; x_wconf 74' lang='lat' dir='ltr'><strong>Adgnnrit</strong></span> <span class='ocrx_word' id='word_1_158' title='bbox 240 1864 356 1917; x_wconf 80' lang='lat' dir='ltr'><strong>sonitum</strong></span> <span class='ocrx_word' id='word_1_159' title='bbox 376 1868 405 1916; x_wconf 89' lang='lat' dir='ltr'><strong>et</strong></span> <span class='ocrx_word' id='word_1_160' title='bbox 422 1865 501 1917; x_wconf 79' lang='lat' dir='ltr'><strong>dirae</strong></span> <span class='ocrx_word' id='word_1_161' title='bbox 520 1865 652 1932; x_wconf 84' lang='lat' dir='ltr'><strong>premissa</strong></span> <span class='ocrx_word' id='word_1_162' title='bbox 669 1861 798 1931; x_wconf 76' lang='lat' dir='ltr'><strong>parentia.</strong></span> 
     </span>
     <span class='ocr_line' id='line_1_25' title="bbox 81 1936 932 2007; baseline 0 -15"><span class='ocrx_word' id='word_1_163' title='bbox 81 1941 147 1992; x_wconf 83' lang='lat' dir='ltr'><strong>Tum</strong></span> <span class='ocrx_word' id='word_1_164' title='bbox 167 1944 312 1994; x_wconf 82' lang='lat' dir='ltr'><strong>memorat:</strong></span> <span class='ocrx_word' id='word_1_165' title='bbox 339 1941 381 1993; x_wconf 83' lang='lat' dir='ltr'><strong>Ne</strong></span> <span class='ocrx_word' id='word_1_166' title='bbox 399 1956 471 2007; x_wconf 77' lang='lat' dir='ltr'><strong>uere,</strong></span> <span class='ocrx_word' id='word_1_167' title='bbox 492 1941 598 2007; x_wconf 85' lang='lat' dir='ltr'><strong>hospes,</strong></span> <span class='ocrx_word' id='word_1_168' title='bbox 618 1956 653 1992; x_wconf 92' lang='lat' dir='ltr'><strong>ne</strong></span> <span class='ocrx_word' id='word_1_169' title='bbox 672 1953 774 2006; x_wconf 86' lang='lat' dir='ltr'><strong>quaere</strong></span> <span class='ocrx_word' id='word_1_170' title='bbox 797 1936 932 2006; x_wconf 84' lang='lat' dir='ltr'><strong>profecte,</strong></span> 
     </span>
     <span class='ocr_line' id='line_1_26' title="bbox 81 2011 875 2084; baseline 0.001 -18"><span class='ocrx_word' id='word_1_171' title='bbox 81 2018 166 2080; x_wconf 68' lang='lat' dir='ltr'><strong>(bunn</strong></span> <span class='ocrx_word' id='word_1_172' title='bbox 187 2034 277 2068; x_wconf 80' lang='lat' dir='ltr'><strong>casum</strong></span> <span class='ocrx_word' id='word_1_173' title='bbox 296 2021 424 2084; x_wconf 87' lang='lat' dir='ltr'><strong>portentu</strong></span> <span class='ocrx_word' id='word_1_174' title='bbox 441 2017 544 2069; x_wconf 85' lang='lat' dir='ltr'><strong>ferant:</strong></span> <span class='ocrx_word' id='word_1_175' title='bbox 568 2032 619 2083; x_wconf 83' lang='lat' dir='ltr'><strong>ege</strong></span> <span class='ocrx_word' id='word_1_176' title='bbox 637 2030 733 2083; x_wconf 88' lang='lat' dir='ltr'><strong>peseer</strong></span> <span class='ocrx_word' id='word_1_177' title='bbox 752 2011 875 2081; x_wconf 58' lang='lat' dir='ltr'><strong>Olympo.</strong></span> 
     </span>
     <span class='ocr_line' id='line_1_27' title="bbox 82 2089 769 2159; baseline -0.004 -16"><span class='ocrx_word' id='word_1_178' title='bbox 82 2092 142 2144; x_wconf 88' lang='lat' dir='ltr'><strong>line</strong></span> <span class='ocrx_word' id='word_1_179' title='bbox 160 2093 266 2159; x_wconf 82' lang='lat' dir='ltr'><strong>signnm</strong></span> <span class='ocrx_word' id='word_1_180' title='bbox 285 2093 382 2145; x_wconf 80' lang='lat' dir='ltr'><strong>cecinit</strong></span> <span class='ocrx_word' id='word_1_181' title='bbox 402 2093 543 2145; x_wconf 81' lang='lat' dir='ltr'><strong>missuram</strong></span> <span class='ocrx_word' id='word_1_182' title='bbox 562 2092 626 2144; x_wconf 85' lang='lat' dir='ltr'><strong>diva</strong></span> <span class='ocrx_word' id='word_1_183' title='bbox 643 2089 769 2157; x_wconf 82' lang='lat' dir='ltr'><strong>creatrix,</strong></span> 
     </span>
     <span class='ocr_line' id='line_1_28' title="bbox 81 2168 935 2236; baseline 0 -15"><span class='ocrx_word' id='word_1_184' title='bbox 81 2170 108 2221; x_wconf 80' lang='lat' dir='ltr'><strong>Si</strong></span> <span class='ocrx_word' id='word_1_185' title='bbox 127 2169 227 2220; x_wconf 89' lang='lat' dir='ltr'><strong>beilum</strong></span> <span class='ocrx_word' id='word_1_186' title='bbox 246 2170 394 2236; x_wconf 84' lang='lat' dir='ltr'><strong>ingrueret,</strong></span> <span class='ocrx_word' id='word_1_187' title='bbox 414 2168 599 2234; x_wconf 70' lang='lat' dir='ltr'><strong>Volcaniaque</strong></span> <span class='ocrx_word' id='word_1_188' title='bbox 618 2183 696 2232; x_wconf 77' lang='lat' dir='ltr'><strong>arma</strong></span> <span class='ocrx_word' id='word_1_189' title='bbox 711 2181 761 2233; x_wconf 91' lang='lat' dir='ltr'><strong>per</strong></span> <span class='ocrx_word' id='word_1_190' title='bbox 778 2180 861 2218; x_wconf 74' lang='lat' dir='ltr'><strong>auras</strong></span> <span class='ocrx_word' id='word_1_191' title='bbox 894 2180 935 2221; x_wconf 69' lang='lat' dir='ltr'><strong>tt}</strong></span> 
     </span>
     <span class='ocr_line' id='line_1_29' title="bbox 83 2244 933 2297; baseline 0.007 -2"><span class='ocrx_word' id='word_1_192' title='bbox 83 2244 210 2297; x_wconf 79' lang='lat' dir='ltr'><strong>imturam</strong></span> <span class='ocrx_word' id='word_1_193' title='bbox 230 2246 336 2297; x_wconf 79' lang='lat' dir='ltr'><strong>auxilia.</strong></span> <span class='ocrx_word' id='word_1_194' title='bbox 929 2248 933 2255; x_wconf 76' lang='grc'><strong>“</strong></span> 
     </span>
     <span class='ocr_line' id='line_1_30' title="bbox 83 2317 859 2390; baseline 0 -18"><span class='ocrx_word' id='word_1_195' title='bbox 83 2322 145 2374; x_wconf 87' lang='lat' dir='ltr'><strong>lieu</strong></span> <span class='ocrx_word' id='word_1_196' title='bbox 164 2332 281 2390; x_wconf 84' lang='lat' dir='ltr'><strong>quantae</strong></span> <span class='ocrx_word' id='word_1_197' title='bbox 300 2321 404 2374; x_wconf 83' lang='lat' dir='ltr'><strong>miseris</strong></span> <span class='ocrx_word' id='word_1_198' title='bbox 422 2320 520 2372; x_wconf 79' lang='lat' dir='ltr'><strong>caedes</strong></span> <span class='ocrx_word' id='word_1_199' title='bbox 541 2319 722 2370; x_wconf 84' lang='lat' dir='ltr'><strong>Laurentibus</strong></span> <span class='ocrx_word' id='word_1_200' title='bbox 739 2317 859 2372; x_wconf 79' lang='lat' dir='ltr'><strong>instant!</strong></span> 
     </span>
     <span class='ocr_line' id='line_1_31' title="bbox 82 2392 937 2464; baseline 0.002 -19"><span class='ocrx_word' id='word_1_201' title='bbox 82 2400 154 2459; x_wconf 70' lang='lat' dir='ltr'><strong>Qum</strong></span> <span class='ocrx_word' id='word_1_202' title='bbox 166 2414 266 2464; x_wconf 84' lang='lat' dir='ltr'><strong>peenas</strong></span> <span class='ocrx_word' id='word_1_203' title='bbox 279 2397 352 2463; x_wconf 84' lang='lat' dir='ltr'><strong>mihi,</strong></span> <span class='ocrx_word' id='word_1_204' title='bbox 365 2396 462 2460; x_wconf 83' lang='lat' dir='ltr'><strong>Turne,</strong></span> <span class='ocrx_word' id='word_1_205' title='bbox 476 2395 569 2447; x_wconf 72' lang='lat' dir='ltr'><strong>dabis!</strong></span> <span class='ocrx_word' id='word_1_206' title='bbox 584 2411 665 2461; x_wconf 68' lang='lat' dir='ltr'><strong>(piram</strong></span> <span class='ocrx_word' id='word_1_207' title='bbox 678 2393 765 2446; x_wconf 83' lang='lat' dir='ltr'><strong>muita</strong></span> <span class='ocrx_word' id='word_1_208' title='bbox 777 2392 829 2445; x_wconf 84' lang='lat' dir='ltr'><strong>sub</strong></span> <span class='ocrx_word' id='word_1_209' title='bbox 842 2394 937 2451; x_wconf 74' lang='lat' dir='ltr'><strong>undna</strong></span> 
     </span>
     <span class='ocr_line' id='line_1_32' title="bbox 82 2467 826 2540; baseline -0.004 -17"><span class='ocrx_word' id='word_1_210' title='bbox 82 2474 164 2525; x_wconf 70' lang='lat' dir='ltr'><strong>Scuta</strong></span> <span class='ocrx_word' id='word_1_211' title='bbox 182 2474 269 2524; x_wconf 82' lang='lat' dir='ltr'><strong>virum</strong></span> <span class='ocrx_word' id='word_1_212' title='bbox 287 2473 432 2540; x_wconf 77' lang='lat' dir='ltr'><strong>galeasque</strong></span> <span class='ocrx_word' id='word_1_213' title='bbox 451 2476 480 2523; x_wconf 90' lang='lat' dir='ltr'><strong>ct</strong></span> <span class='ocrx_word' id='word_1_214' title='bbox 498 2472 580 2524; x_wconf 83' lang='lat' dir='ltr'><strong>sertia</strong></span> <span class='ocrx_word' id='word_1_215' title='bbox 597 2486 709 2538; x_wconf 85' lang='lat' dir='ltr'><strong>corpora</strong></span> <span class='ocrx_word' id='word_1_216' title='bbox 727 2467 826 2537; x_wconf 75' lang='lat' dir='ltr'><strong>volves,</strong></span> 
     </span>
     <span class='ocr_line' id='line_1_33' title="bbox 87 2547 938 2616; baseline 0.002 -17"><span class='ocrx_word' id='word_1_217' title='bbox 87 2549 181 2616; x_wconf 73' lang='lat' dir='ltr'><strong>shybri</strong></span> <span class='ocrx_word' id='word_1_218' title='bbox 200 2552 291 2616; x_wconf 78' lang='lat' dir='ltr'><strong>pater!</strong></span> <span class='ocrx_word' id='word_1_219' title='bbox 321 2548 437 2600; x_wconf 81' lang='lat' dir='ltr'><strong>Poscant</strong></span> <span class='ocrx_word' id='word_1_220' title='bbox 456 2548 534 2610; x_wconf 77' lang='lat' dir='ltr'><strong>acies,</strong></span> <span class='ocrx_word' id='word_1_221' title='bbox 554 2551 582 2600; x_wconf 89' lang='lat' dir='ltr'><strong>ct</strong></span> <span class='ocrx_word' id='word_1_222' title='bbox 601 2547 712 2600; x_wconf 85' lang='lat' dir='ltr'><strong>foedera</strong></span> <span class='ocrx_word' id='word_1_223' title='bbox 730 2548 877 2613; x_wconf 78' lang='lat' dir='ltr'><strong>rmnpent!</strong></span> <span class='ocrx_word' id='word_1_224' title='bbox 897 2562 938 2603; x_wconf 76' lang='lat' dir='ltr'><strong>ere</strong></span> 
     </span>
    </p>

    <p class='ocr_par' dir='ltr' id='par_1_7' title="bbox 83 2620 941 3225">
     <span class='ocr_line' id='line_1_34' title="bbox 119 2620 900 2686; baseline -0.004 -10"><span class='ocrx_word' id='word_1_225' title='bbox 119 2626 193 2677; x_wconf 90' lang='lat' dir='ltr'><strong>iiaee</strong></span> <span class='ocrx_word' id='word_1_226' title='bbox 211 2624 257 2675; x_wconf 90' lang='lat' dir='ltr'><strong>ubi</strong></span> <span class='ocrx_word' id='word_1_227' title='bbox 277 2623 351 2676; x_wconf 87' lang='lat' dir='ltr'><strong>dicta</strong></span> <span class='ocrx_word' id='word_1_228' title='bbox 369 2624 452 2686; x_wconf 85' lang='lat' dir='ltr'><strong>dedit,</strong></span> <span class='ocrx_word' id='word_1_229' title='bbox 471 2624 537 2676; x_wconf 87' lang='lat' dir='ltr'><strong>solie</strong></span> <span class='ocrx_word' id='word_1_230' title='bbox 557 2641 586 2676; x_wconf 86' lang='lat' dir='ltr'><strong>se</strong></span> <span class='ocrx_word' id='word_1_231' title='bbox 605 2622 676 2676; x_wconf 88' lang='lat' dir='ltr'><strong>toilit</strong></span> <span class='ocrx_word' id='word_1_232' title='bbox 693 2622 728 2674; x_wconf 87' lang='lat' dir='ltr'><strong>nb</strong></span> <span class='ocrx_word' id='word_1_233' title='bbox 747 2620 819 2685; x_wconf 83' lang='lat' dir='ltr'><strong>nlte;</strong></span> <span class='ocrx_word' id='word_1_234' title='bbox 897 2642 900 2647; x_wconf 92' lang='lat'>·</span> 
     </span>
     <span class='ocr_line' id='line_1_35' title="bbox 87 2694 911 2768; baseline -0.006 -13"><span class='ocrx_word' id='word_1_235' title='bbox 87 2704 118 2755; x_wconf 79' lang='lat' dir='ltr'><strong>iit</strong></span> <span class='ocrx_word' id='word_1_236' title='bbox 136 2702 253 2768; x_wconf 91' lang='lat' dir='ltr'><strong>primum</strong></span> <span class='ocrx_word' id='word_1_237' title='bbox 274 2699 416 2751; x_wconf 90' lang='lat' dir='ltr'><strong>llereuleis</strong></span> <span class='ocrx_word' id='word_1_238' title='bbox 435 2700 537 2766; x_wconf 73' lang='lat' dir='ltr'><strong>eruntne</strong></span> <span class='ocrx_word' id='word_1_239' title='bbox 555 2700 662 2766; x_wconf 61' lang='lat' dir='ltr'><strong>{guribus</strong></span> <span class='ocrx_word' id='word_1_240' title='bbox 680 2714 740 2751; x_wconf 79' lang='lat' dir='ltr'><strong>aras</strong></span> <span class='ocrx_word' id='word_1_241' title='bbox 906 2694 911 2705; x_wconf 88' lang='grc'><strong>“</strong></span> 
     </span>
     <span class='ocr_line' id='line_1_36' title="bbox 83 2773 936 2855; baseline -0.001 -25"><span class='ocrx_word' id='word_1_242' title='bbox 83 2779 197 2842; x_wconf 77' lang='lat' dir='ltr'><strong>Excitat,</strong></span> <span class='ocrx_word' id='word_1_243' title='bbox 216 2776 428 2844; x_wconf 85' lang='lat' dir='ltr'><strong>hesternumque</strong></span> <span class='ocrx_word' id='word_1_244' title='bbox 448 2776 545 2827; x_wconf 88' lang='lat' dir='ltr'><strong>Larem</strong></span> <span class='ocrx_word' id='word_1_245' title='bbox 564 2791 715 2843; x_wconf 77' lang='lat' dir='ltr'><strong>pari&#39;eeuue</strong></span> <span class='ocrx_word' id='word_1_246' title='bbox 735 2773 851 2831; x_wconf 75' lang='lat' dir='ltr'><strong>Penatis</strong></span> <span class='ocrx_word' id='word_1_247' title='bbox 886 2810 903 2831; x_wconf 86' lang='grc'><strong>-.,</strong></span> <span class='ocrx_word' id='word_1_248' title='bbox 918 2810 936 2855; x_wconf 51' lang='grc' dir='ltr'><strong>-Ι</strong></span> 
     </span>
     <span class='ocr_line' id='line_1_37' title="bbox 85 2846 891 2914; baseline -0.001 -8"><span class='ocrx_word' id='word_1_249' title='bbox 85 2855 183 2906; x_wconf 85' lang='lat' dir='ltr'><strong>baetus</strong></span> <span class='ocrx_word' id='word_1_250' title='bbox 201 2851 273 2914; x_wconf 80' lang='lat' dir='ltr'><strong>adit3</strong></span> <span class='ocrx_word' id='word_1_251' title='bbox 298 2856 417 2904; x_wconf 79' lang='lat' dir='ltr'><strong>mactant</strong></span> <span class='ocrx_word' id='word_1_252' title='bbox 436 2853 520 2905; x_wconf 83' lang='lat' dir='ltr'><strong>lectas</strong></span> <span class='ocrx_word' id='word_1_253' title='bbox 539 2853 574 2905; x_wconf 91' lang='lat' dir='ltr'><strong>de</strong></span> <span class='ocrx_word' id='word_1_254' title='bbox 592 2869 667 2904; x_wconf 87' lang='lat' dir='ltr'><strong>mere</strong></span> <span class='ocrx_word' id='word_1_255' title='bbox 684 2850 804 2904; x_wconf 80' lang='lat' dir='ltr'><strong>bidentis</strong></span> <span class='ocrx_word' id='word_1_256' title='bbox 876 2846 891 2905; x_wconf 80' lang='lat'><strong>.&#39;</strong></span> 
     </span>
     <span class='ocr_line' id='line_1_38' title="bbox 85 2929 941 2996; baseline -0.007 -11"><span class='ocrx_word' id='word_1_257' title='bbox 85 2931 226 2985; x_wconf 79' lang='lat' dir='ltr'><strong>Euandrus</strong></span> <span class='ocrx_word' id='word_1_258' title='bbox 245 2929 354 2996; x_wconf 84' lang='lat' dir='ltr'><strong>pariter,</strong></span> <span class='ocrx_word' id='word_1_259' title='bbox 373 2929 476 2996; x_wconf 83' lang='lat' dir='ltr'><strong>pariter</strong></span> <span class='ocrx_word' id='word_1_260' title='bbox 495 2930 609 2982; x_wconf 83' lang='lat' dir='ltr'><strong>Traiana</strong></span> <span class='ocrx_word' id='word_1_261' title='bbox 627 2929 760 2981; x_wconf 81' lang='lat' dir='ltr'><strong>iuventus.</strong></span> <span class='ocrx_word' id='word_1_262' title='bbox 901 2948 941 2989; x_wconf 69' lang='lat' dir='ltr'><strong>m</strong></span> 
     </span>
     <span class='ocr_line' id='line_1_39' title="bbox 85 3003 812 3073; baseline -0.001 -15"><span class='ocrx_word' id='word_1_263' title='bbox 85 3008 148 3060; x_wconf 87' lang='lat' dir='ltr'><strong>i&#39;est</strong></span> <span class='ocrx_word' id='word_1_264' title='bbox 167 3008 229 3059; x_wconf 88' lang='lat' dir='ltr'><strong>hinc</strong></span> <span class='ocrx_word' id='word_1_265' title='bbox 246 3004 282 3057; x_wconf 85' lang='lat' dir='ltr'><strong>ad</strong></span> <span class='ocrx_word' id='word_1_266' title='bbox 299 3006 375 3058; x_wconf 83' lang='lat' dir='ltr'><strong>navis</strong></span> <span class='ocrx_word' id='word_1_267' title='bbox 392 3005 524 3073; x_wconf 78' lang='lat' dir='ltr'><strong>graditur,</strong></span> <span class='ocrx_word' id='word_1_268' title='bbox 545 3007 683 3073; x_wconf 84' lang='lat' dir='ltr'><strong>sociosque</strong></span> <span class='ocrx_word' id='word_1_269' title='bbox 701 3003 812 3069; x_wconf 80' lang='lat' dir='ltr'><strong>revisit;</strong></span> 
     </span>
     <span class='ocr_line' id='line_1_40' title="bbox 83 3080 853 3151; baseline 0 -15"><span class='ocrx_word' id='word_1_270' title='bbox 83 3084 202 3146; x_wconf 87' lang='lat' dir='ltr'><strong>Quorum</strong></span> <span class='ocrx_word' id='word_1_271' title='bbox 222 3080 256 3135; x_wconf 85' lang='lat' dir='ltr'><strong>de</strong></span> <span class='ocrx_word' id='word_1_272' title='bbox 275 3099 394 3139; x_wconf 81' lang='lat' dir='ltr'><strong>numero.</strong></span> <span class='ocrx_word' id='word_1_273' title='bbox 412 3083 459 3150; x_wconf 90' lang='lat' dir='ltr'><strong>qni</strong></span> <span class='ocrx_word' id='word_1_274' title='bbox 476 3099 535 3136; x_wconf 82' lang='lat' dir='ltr'><strong>sese</strong></span> <span class='ocrx_word' id='word_1_275' title='bbox 554 3081 673 3135; x_wconf 82' lang='lat' dir='ltr'><strong>inbelle</strong></span> <span class='ocrx_word' id='word_1_276' title='bbox 691 3083 853 3151; x_wconf 83' lang='lat' dir='ltr'><strong>sequautur,</strong></span> 
     </span>
     <span class='ocr_line' id='line_1_41' title="bbox 86 3155 773 3225; baseline -0.001 -14"><span class='ocrx_word' id='word_1_277' title='bbox 86 3158 251 3212; x_wconf 80' lang='lat' dir='ltr'><strong>Praestantis</strong></span> <span class='ocrx_word' id='word_1_278' title='bbox 274 3158 376 3212; x_wconf 71' lang='lat' dir='ltr'><strong>uirtute</strong></span> <span class='ocrx_word' id='word_1_279' title='bbox 394 3155 476 3225; x_wconf 78' lang='lat' dir='ltr'><strong>legit3</strong></span> <span class='ocrx_word' id='word_1_280' title='bbox 494 3172 558 3225; x_wconf 84' lang='lat' dir='ltr'><strong>pars</strong></span> <span class='ocrx_word' id='word_1_281' title='bbox 576 3161 668 3211; x_wconf 87' lang='lat' dir='ltr'><strong>cetera</strong></span> <span class='ocrx_word' id='word_1_282' title='bbox 685 3171 773 3223; x_wconf 80' lang='lat' dir='ltr'><strong>prona</strong></span> 
     </span>
    </p>
   </div>
   <div class='ocr_carea' id='block_1_4' title="bbox 0 0 1024 3524">
    <p class='ocr_par' dir='ltr' id='par_1_8' title="bbox 0 0 1024 3524">
     <span class='ocr_line' id='line_1_42' title="bbox 0 0 1024 3524; baseline 0 0"><span class='ocrx_word' id='word_1_283' title='bbox 0 0 1024 3524; x_wconf 95' lang='lat' dir='ltr'><strong> </strong></span> 
     </span>
    </p>
   </div>
  </div>
 </body>
</html>
