2032 3524
309 109 493 162 AENEIDOS
516 108 584 157 LlB.
609 108 675 156 VII.
868 105 916 154 218

65 201 128 255 Non
145 197 235 268 patrio
253 212 288 250 ex
306 194 388 263 adyto
406 195 501 258 sortes,
519 207 573 244 non
591 189 708 260 plurima
725 187 800 241 eaelo

64 276 189 342 Monstra
206 273 313 337 sinuut;
330 286 445 338 generos
463 267 585 322 externis
602 265 697 319 adfore
715 263 750 317 ab
768 263 829 330 oris,
877 275 915 317 aro

67 353 128 405 Hoc
145 351 224 403 Latio
242 351 346 401 restare
364 349 471 411 canunt,
489 344 537 413 qui
555 343 687 411 sanguine
704 344 828 394 nostrum

66 428 173 481 Nomen
190 427 218 479 iu
235 428 310 478 astra
327 424 423 477 ferant.
461 421 542 476 Hunc
559 421 637 473 illum
654 433 766 488 poscere
784 416 840 470 fata

66 503 103 557 lit
120 520 189 569 reor,
207 506 243 567 et,
261 501 282 553 si
302 500 368 569 quid
386 499 443 553 veri
461 515 538 552 mens
556 500 680 565 augurat,
699 500 770 564 opto.

67 579 144 633 Haec
162 579 259 632 effatus
277 593 361 645 equos
379 591 491 629 numero
508 577 588 643 pater
606 574 686 642 eligit
703 570 783 626 omni.

66 655 181 708 Stabant
198 657 243 708 ter
260 656 369 706 centum
387 651 468 705 nitidi
486 651 515 703 in
532 650 711 719 praesepibus
729 647 799 701 altis.
880 659 916 702 att

67 729 199 783 Omnibus
217 729 354 797 extemplo
372 728 483 782 Teucris
501 727 578 780 iubet
596 727 691 780 ordine
709 724 771 779 duci

68 807 203 860 Instratos
221 809 295 859 ostro
313 805 435 873 alipedes
453 804 588 872 pictisque
606 804 721 871 tapetis3

67 882 161 935 Aurea
177 881 335 950 pectoribus
353 881 471 934 demissa
488 879 598 932 monilia
616 879 751 946 pendent;

67 958 142 1012 'lecti
160 975 234 1026 auro,
251 958 355 1011 fulvum
371 956 506 1009 mandunt
524 954 574 1007 sub
592 954 721 1008 dentibus
738 952 850 1018 aurum3

69 1034 187 1088 Absenti
208 1036 318 1087 Aeneae
335 1048 444 1085 currum
462 1031 640 1098 geminosque
658 1030 755 1097 iugulis
866 1041 918 1084 ¹aso

68 1111 175 1165 Semine
194 1109 229 1161 ab
246 1109 375 1175 aetherio,
394 1106 523 1174 spirantis
541 1105 651 1159 naribus
669 1106 767 1173 iguem,

70 1186 182 1238 lllorum
200 1184 235 1236 de
253 1186 343 1250 gente,
361 1182 433 1250 patri
451 1197 518 1250 quos
537 1181 651 1234 daedala
671 1181 748 1235 Oirce

70 1259 215 1328 supposita
233 1258 273 1312 de
286 1261 374 1311 matre
392 1258 489 1312 nothos
507 1258 599 1310 furata
617 1257 727 1311 creavit.

70 1336 180 1389 Talibus
199 1333 347 1388 Aeneadae
366 1333 444 1387 donis
462 1333 599 1401 dictisque
619 1333 709 1388 Latini

70 1412 206 1467 Sublimes
223 1412 252 1464 in
270 1411 347 1479 equis
366 1411 490 1476 redeunt,
510 1426 659 1479 pacemque
677 1411 827 1477 reportent.
884 1423 920 1469 aes

105 1488 174 1542 llcce
192 1491 285 1542 autem
304 1486 422 1541 Inachiis
441 1503 500 1541 sose
518 1485 657 1541 referebat
674 1485 709 1540 ab
729 1485 812 1553 Argis

70 1564 157 1618 Saeva
176 1564 248 1617 Iovis
266 1564 389 1630 coniunx,
408 1579 543 1632 aurasque
562 1563 669 1616 invecta
687 1560 808 1630 tenebat,

72 1641 108 1694 lit
124 1641 226 1694 laetum
246 1642 357 1694 Aenean
377 1640 546 1708 classemque
564 1655 599 1692 ex
617 1639 730 1693 aethere
747 1637 827 1705 longo

71 1715 236 1770 Dardaniam
256 1716 346 1770 Siculo
363 1715 503 1785 prospexit
521 1715 556 1768 ab
574 1731 661 1784 usque
680 1713 812 1780 Pachyno.

72 1792 161 1845 Moliri
179 1793 233 1845 iam
252 1795 327 1846 tecta
345 1793 427 1858 videt,
446 1792 499 1845 iam
519 1791 604 1844 fidere
623 1796 720 1858 torrae,
886 1805 921 1846 aee

72 1866 230 1922 Deseruisse
249 1871 330 1921 rates,
367 1868 451 1921 Stetit
469 1868 524 1920 acri
542 1869 597 1922 fixa
615 1868 715 1922 dolore.

73 1944 141 1997 Tum
158 1961 289 2012 quassans
306 1947 388 2011 cayrut
405 1944 472 1998 haec
490 1944 605 2004 effundit
621 1949 733 2013 pectore
751 1946 838 2000 dicta:

74 2020 138 2073 Heu
156 2019 269 2087 stirpem
287 2020 409 2085 invisam,
428 2023 457 2073 et
475 2021 538 2073 fatis
555 2021 692 2074 contraria
708 2023 808 2077 nostris

74 2095 144 2148 Fata
163 2095 315 2162 Phrygum!
335 2110 400 2146 num
418 2095 506 2162 Sigeis
525 2096 685 2150 occumbere
703 2098 811 2165 campis,

74 2171 147 2224 Num
165 2171 237 2239 capti
256 2172 371 2238 potuere
389 2171 463 2239 capii
482 2187 546 2223 num
565 2171 672 2225 incensa
689 2173 818 2228 cremavit
888 2185 924 2226 ass

74 2247 155 2300 Troia
172 2247 261 2299 virosi
280 2246 384 2299 medias
402 2247 472 2300 acies
489 2247 648 2316 mediosque
665 2265 715 2316 per
732 2251 802 2316 ignis

76 2323 208 2376 Invenere
227 2323 305 2374 viam.
342 2324 390 2390 At,
408 2322 498 2389 credo,
516 2340 576 2377 mea
593 2326 703 2378 numina
720 2326 832 2380 tandem

76 2398 159 2451 Fessa
176 2399 274 2465 iacent,
294 2398 364 2452 odiis
382 2403 429 2453 aut
448 2402 606 2453 exsaturata
624 2401 749 2469 quievi—-

76 2474 147 2539 Quin
165 2477 247 2528 etiam
266 2475 356 2543 patria
373 2492 501 2529 excussos
519 2475 617 2529 infesta
635 2494 684 2545 per
701 2477 788 2532 undas

78 2552 153 2604 Ausa
170 2552 255 2619 sequi,
274 2555 304 2605 et
322 2552 443 2619 profugis
461 2555 520 2604 toto
539 2568 582 2605 me
600 2569 736 2622 opponere
754 2558 843 2622 ponto.
890 2565 926 2606 eoo

77 2625 247 2694 Absumptae
264 2627 293 2682 in
312 2628 428 2682 Teucros
446 2629 516 2682 vires
535 2627 656 2697 caelique
674 2630 818 2699 marisque.

77 2701 151 2766 Quid
168 2702 268 2770 Syrtes,
287 2707 335 2757 ant
353 2705 441 2774 Scylla
458 2705 534 2770 mihi,
553 2705 619 2774 quid
637 2709 714 2760 vasta
732 2704 885 2774 Charybdis

78 2776 203 2830 Profuiti
221 2783 315 2845 optato
333 2781 486 2835 conduntur
504 2781 647 2849 Thybridis
666 2783 749 2849 alveo,

77 2851 173 2905 Securi
191 2853 280 2920 pelagi
298 2859 381 2924 atque
399 2857 459 2909 mei.
496 2857 571 2910 Mars
589 2858 706 2926 perdere
723 2860 833 2925 gentem

80 2928 221 2980 inmanem
240 2927 387 2997 Lapithum
405 2931 504 2996 valuit;
522 2935 653 2986 concessit
671 2933 699 2985 in
717 2934 771 2986 iras
892 2945 928 2985 soe

80 3003 144 3070 lpse
162 3001 244 3058 deum
262 3004 402 3073 antiquam
419 3008 527 3075 genitor
544 3009 681 3077 Calydona
700 3009 801 3065 Dianae
810 3030 817 3074 ;

79 3077 330 3213 Quodmzegus'aut
354 3081 485 3152 Lapithas
505 3087 620 3151 tantum,
642 3088 691 3140 aut
712 3083 851 3153 Calydona
871 3098 928 3140 me·

228 3172 256 3211 m
