2032 3524
347 113 423 162 AEN
426 111 530 161 alnos
546 111 614 160 LIR
633 110 666 158 V.
883 110 929 160 179

79 195 192 261 llrloeet,
211 198 241 249 et
259 211 330 263 quae
347 209 418 246 mmc
432 192 526 245 anime
544 191 682 246 sententia
698 193 813 245 constet

80 272 165 324 llaud
179 289 256 325 mora
274 271 398 338 consiliis,
418 286 467 324 nec
485 269 557 322 iussa
575 272 684 322 recusat
704 271 826 322 Acestes.

79 348 275 401 Transcribunt
293 348 354 400 urbi
372 350 482 414 matres,
500 347 684 415 populumque
702 345 837 398 volentem
896 358 931 399 teu

80 425 233 494 Deponunt,
254 425 357 477 animes
375 425 413 477 nil
432 440 546 491 magnae
564 422 653 476 laudis
671 422 784 489 egentis

81 501 137 569 lpsi
154 504 276 554 transtra
294 504 402 567 novant,
421 499 591 568 flarnnrisqne
610 499 721 552 ambesa
739 503 873 567 reponunt

81 577 189 630 Robora
208 578 329 645 navigiis,
346 579 444 645 aptant
461 594 606 644 remosque
625 574 812 644 rudentisque,

81 654 179 721 Exigui
197 671 319 720 numero,
337 654 388 706 sed
406 653 477 706 bello
495 653 587 705 vivida
604 654 697 707 uirtus

82 730 192 784 Interea
211 732 318 783 Aeneas
336 729 433 800 urbem
452 729 578 796 designat
596 733 689 782 aratro
897 743 933 786 res

79 808 256 877 Sortiturque
274 806 383 871 domos,
403 806 454 858 hoe
476 806 554 859 lliunr
574 810 603 859 et
620 806 687 859 haec
705 807 764 860 loca
782 806 888 860 Troiam

81 883 148 935 Esse
167 883 249 955 iubet.
288 882 398 937 Gaudet
416 899 500 949 regne
519 883 651 935 Troianus
671 883 796 950 Acestes,

82 959 237 1027 Indicitque
256 959 343 1011 ferum
363 962 391 1010 et
409 958 533 1026 patribus
551 958 600 1010 dat
618 957 678 1009 iura
695 960 804 1013 voeatis

80 1035 149 1088 Tum
168 1036 256 1087 uicina
274 1034 356 1087 astris
376 1034 490 1100 Erycino
509 1033 536 1084 in
554 1033 657 1085 vertice
675 1032 754 1085 sedes

82 1111 227 1163 Fundatur
245 1110 348 1161 Veneri
368 1108 480 1174 Idaliae,
498 1107 659 1174 tumuloque
676 1108 802 1162 sacerdos
897 1125 933 1168 rm

84 1190 125 1239 Ac
143 1187 219 1238 lucus
237 1185 293 1237 late
312 1200 388 1253 sacer
406 1183 518 1235 additur
538 1181 680 1236 Anchiseo.

119 1261 233 1328 Iamque
251 1259 310 1312 dies
329 1259 438 1328 epulata
456 1275 553 1312 noveni
571 1275 639 1326 gens
657 1261 749 1323 omnis,
766 1265 795 1315 et
813 1263 867 1316 aris

84 1337 184 1389 Faetus
202 1335 300 1389 bones:
321 1334 421 1404 placidi
441 1338 597 1388 straverunt
616 1351 735 1403 aequora
753 1339 834 1405 venti,

81 1412 187 1466 Creber
205 1419 234 1466 et
251 1412 393 1480 adspirans
411 1428 504 1464 rursus
522 1416 599 1479 vocat
619 1414 724 1466 Auster
741 1415 769 1466 in
787 1415 881 1468 altum.
943 1410 947 1416 ’

83 1489 213 1542 Exoritur
230 1505 363 1557 procurva
381 1485 543 1557 ingens'per
559 1485 640 1541 litora
658 1483 752 1555 fletus;
898 1504 934 1546 tet

81 1566 213 1633 Conplexi
231 1566 304 1618 inter
322 1582 351 1618 se
370 1562 532 1632 noctemque
551 1563 679 1633 diemque
699 1580 843 1622 morantur.

83 1643 164 1709 Ipsae
182 1643 235 1695 iam
254 1645 363 1709 matres,
382 1641 440 1710 ipsi,
460 1639 559 1709 quibus
578 1658 674 1710 aspera
693 1644 830 1711 quendam

82 1717 149 1770 Visa
167 1719 249 1772 maris
267 1719 350 1772 iacies
362 1721 397 1788 vet
415 1735 468 1771 nen
487 1717 629 1771 tolerabile
647 1737 752 1787 nornen,

84 1794 128 1846 Ire
146 1793 247 1861 velunt,
266 1811 427 1862 omnenrqne
440 1792 526 1862 ¹fugae
544 1795 667 1863 perferre
686 1797 814 1850 laborem.
862 1830 864 1834 -

81 1871 155 1933 Quos
173 1869 259 1923 bonus
279 1874 387 1924 Aeneas
406 1871 485 1924 dictis
504 1870 607 1924 solatur
625 1873 725 1939 amieis,
897 1884 935 1928 wo

83 1946 118 1999 ut
135 1947 334 2014 consanguinee
352 1946 495 1999 lacrimans
513 1948 686 2000 commendat
704 1950 830 2001 Acestae.

81 2022 141 2076 Tris
160 2023 239 2091 Eryci
257 2021 357 2075 vitulos
375 2026 404 2075 et
422 2020 643 2088 Tempestatibus
661 2040 759 2090 agnam

81 2098 204 2153 Caedere
223 2097 323 2151 deinde
341 2097 425 2163 iubet,
445 2097 566 2165 solvique
584 2114 619 2150 ex
637 2098 732 2151 ordine
749 2098 848 2153 funem.

83 2175 153 2243 Ipse,
172 2178 255 2242 eaput
273 2178 368 2226 tonsae
386 2172 457 2226 foliis
475 2174 597 2226 evinctus
615 2172 708 2241 olivae,

80 2250 162 2304 Stans
174 2250 266 2319 procul
280 2250 307 2301 in
320 2264 402 2318 prora
414 2252 538 2318 pateram
551 2253 636 2318 tenet,
650 2254 768 2318 extaque
780 2247 864 2304 salsos
898 2265 934 2308 775

82 2325 197 2381 Perricit
214 2327 242 2379 in
261 2327 360 2379 fluctus
379 2326 489 2379 aerina
508 2325 640 2393 liquentia
658 2324 758 2382 fundit.

82 2403 261 2471 Prosequitur
281 2418 396 2470 surgens
414 2418 431 2455 a
448 2403 533 2471 puppi
552 2406 650 2458 ventus
668 2401 764 2458 euntis.

81 2479 214 2533 Certatim
233 2481 297 2533 seeii
315 2480 419 2534 feriunt
437 2496 512 2533 marc
532 2482 560 2532 et
578 2496 697 2549 aequora
715 2485 833 2535 verrunt

116 2559 156 2609 At
174 2554 268 2608 Venus
286 2557 391 2610 interea
410 2554 568 2624 Neptunum
589 2557 709 2610 exercita
726 2558 798 2611 euris

82 2631 257 2699 Adloquitur,
275 2632 393 2701 talisque
413 2630 528 2684 effundit
546 2641 657 2701 pectere
677 2636 803 2702 questus:
898 2646 935 2686 rso

83 2706 194 2758 Iunonis
211 2708 301 2773 gravis
320 2708 361 2761 ira
378 2725 428 2762 nec
448 2707 630 2762 exsaturabile
648 2713 744 2776 peetus

83 2781 191 2847 Cogunt
207 2799 258 2849 me,
278 2783 304 2835 N
306 2788 413 2852 epttme,
425 2786 528 2854 ‘preces
549 2784 716 2838 descendere
735 2785 763 2837 in
782 2783 882 2849 omnis;

83 2859 238 2922 Quamnec
255 2859 334 2926 longa
353 2859 419 2926 dies,
437 2859 526 2929 pietas
545 2879 595 2914 nec
612 2861 721 2928 mitigat
739 2859 801 2927 ulla,

82 2934 140 2987 Nee
160 2933 232 2986 Iovis
250 2934 354 3002 inperio
371 2935 489 3004 fatisque
507 2936 622 2991 infracta
640 2936 762 3004 quiescit.

82 3012 143 3064 Non
162 3010 253 3064 media
271 3010 407 3078 degente
426 3011 561 3082 Phrygum
581 3013 705 3067 exedisse
724 3009 848 3065 nefandis
898 3021 934 3065 rsa

81 3088 185 3140 Urbem
204 3087 274 3141 ediis
292 3087 358 3142 satis
377 3089 426 3156 est,
444 3105 494 3142 nee
511 3106 626 3157 poenam
645 3092 723 3142 traxe
741 3104 791 3157 per
812 3103 933 3145 emnem:

82 3164 223 3283 Reliquigas
242 3164 346 3231 Troiae,
365 3163 470 3219 eineres
487 3167 572 3234 atque
590 3181 652 3220 essa
667 3179 779 3235 peremp
