2032 3524
335 107 515 157 AENEIDOS
532 109 601 159 LIB.
621 109 670 156 Vl.
880 106 926 157 197

77 189 195 244 Tantum
214 191 320 256 effatus,
339 193 367 243 et
385 189 413 242 in
431 189 515 243 verbo
532 189 647 256 vestigia
665 189 753 242 torsit.

115 267 236 334 Respicit
256 267 365 318 Aeneas
383 266 481 331 subite,
501 269 530 332 et
549 265 599 317 sub
618 282 685 333 rupe
705 265 814 319 sinistra

79 340 187 394 Moenia
205 342 261 394 lata
279 340 361 407 videt,
380 341 480 408 triplici
499 341 667 394 circumdata
685 357 771 408 muro,

80 417 155 479 Quae
173 418 285 485 rapidus
304 417 419 469 flammis
437 417 524 470 ambit
542 416 710 468 torrentibus
729 415 823 482 amnia,
892 429 928 468 550

80 492 225 546 Tartareus
245 493 422 560 Phlegethon,
442 496 608 560 torquetque
627 493 751 544 sonantia
768 488 842 544 saxa

81 568 163 621 Perta
180 570 303 635 adversa,
321 570 423 636 ingens,
443 567 582 636 solidoque
600 568 746 620 adamante
763 568 910 630 columnae,

83 644 129 696 Vis
147 648 179 697 ut
199 646 272 697 nulla
289 645 385 711 vinnm,
405 661 459 696 non
476 644 527 713 ipsi
547 644 707 697 exscindere
724 643 797 696 bello

80 720 228 774 Caelicolae
247 721 370 784 valeaut;
393 722 450 773 stat
468 721 557 772 ferrea
575 720 658 772 turris
676 719 712 772 ad
730 736 818 787 auras,

80 796 278 864 Tisiphoneque
297 797 403 862 sedens,
422 796 494 863 palla
511 797 646 850 succincta
664 800 783 860 eruenta
894 809 929 846 sss

83 872 252 926 Vestibulum
270 874 407 926 exsomnis
425 876 516 924 servat
535 875 681 940 noctesque
700 872 821 940 diesque.

28 976 32 981 ·
82 949 152 1001 Hine
171 950 294 1003 exaudiri
313 950 439 1016 gemitus,
459 952 488 1001 et
505 965 586 1001 saeva
604 965 700 1001 sonare

84 1024 217 1090 Verbera3
239 1030 299 1078 tum
318 1025 419 1077 stridor
436 1025 509 1091 ferri,
528 1027 687 1091 tractaeque
704 1027 824 1076 catenae.

82 1101 210 1154 Constitit
230 1105 346 1167 Aeneas,
364 1101 537 1167 strepituque
556 1100 705 1152 exterritus
723 1099 817 1152 haesit.

83 1176 156 1239 Quae
175 1178 306 1229 scelerum
324 1177 422 1229 faeiesl
443 1193 460 1227 0
478 1177 562 1242 virgo,
582 1175 679 1239 effare;
698 1174 830 1242 quibusve
893 1189 929 1229 550

83 1252 241 1319 Urguentur
258 1253 367 1320 poenisl
387 1253 448 1321 quis
467 1256 560 1304 tantus
578 1251 690 1319 plangor
709 1251 745 1302 ad
763 1252 860 1305 aurasl

84 1328 151 1379 Tum
168 1330 244 1381 vates
263 1328 301 1380 sie
319 1345 380 1381 orsa
398 1329 485 1396 loqui:
509 1328 571 1386 Dux
590 1327 692 1379 inclute
711 1327 851 1394 Tcucrmn,

85 1403 158 1455 Nulli
176 1404 216 1456 fas
234 1408 308 1457 casto
327 1405 488 1458 sceleratum
507 1404 633 1456 insistere
652 1403 749 1467 limen;

83 1479 138 1531 eeu
155 1496 199 1532 me
217 1497 277 1532 enm
295 1480 362 1533 lucis
382 1480 487 1533 Hecate
505 1479 638 1548 praefecit
658 1479 782 1546 Avernis,

84 1556 147 1624 lpse
165 1555 246 1609 deum
264 1573 365 1624 poenas
383 1557 483 1622 docuit,
503 1573 606 1624 perque
625 1557 713 1608 omnia
731 1556 818 1608 duxit.
895 1567 930 1608 555

84 1632 198 1686 Gnosius
216 1632 282 1685 haee
302 1632 527 1684 Rhadamanthus
544 1632 634 1696 habet,
655 1631 799 1685 durissima
817 1624 918 1700 regna,¹

83 1708 260 1776 Castigatque
278 1707 409 1776 auditque
429 1708 511 1775 dolos,
530 1708 687 1776 subigitque
705 1708 795 1776 fateri,

84 1783 158 1847 Quae
176 1785 237 1852 quis
255 1785 330 1852 apud
348 1802 468 1851 superos,
484 1785 558 1837 furto
575 1785 693 1837 laetatus
711 1784 791 1850 inani,

85 1860 196 1913 Distulit
213 1860 242 1912 in
261 1877 349 1913 seram
368 1861 510 1913 commissa
528 1860 633 1928 piacula
650 1864 774 1913 mortem.

84 1936 216 1989 Continuo
234 1937 320 1988 sontis
337 1937 422 2002 ultrix
441 1937 560 1989 aeeineta
578 1936 684 2003 flagello
895 1949 932 1990 570

84 2012 228 2079 Tisiphone
246 2013 337 2078 quatit
355 2012 494 2079 insultans,
515 2017 658 2080 torvosque
677 2012 786 2065 sinistra

86 2088 229 2140 lntentans
247 2088 341 2154 anguis
359 2092 436 2141 vocat
455 2089 561 2156 agmina
570 2105 660 2140 saeva
678 2104 806 2140 sororum.

85 2164 151 2216 Tum
171 2163 282 2215 demum
300 2163 440 2217 horrisono
459 2165 608 2217 stridentes
627 2162 736 2216 cardine
756 2178 848 2217 sacrae

88 2241 244 2292 Tenduntur
262 2243 363 2308 portae.
403 2241 504 2307 Cernis,
523 2241 647 2293 custodia
666 2240 753 2307 qualis

86 2316 229 2370 Vestibula
248 2317 358 2371 sedeatl
379 2318 459 2370 facies
478 2334 547 2383 quae
565 2317 658 2369 limina
677 2317 784 2370 servetl
896 2331 931 2372 575

85 2394 286 2461 Quinquaginta
304 2395 372 2446 atris
390 2394 505 2446 inmanis
523 2393 642 2445 hiatibus
662 2392 759 2459 Hydra

85 2470 193 2522 Saevior
210 2471 284 2523 intus
303 2470 386 2524 habet
406 2469 506 2522 sedem.
543 2469 611 2521 Tum
630 2470 761 2520 Tartarus
779 2469 838 2536 ipse

86 2545 131 2598 llis
149 2550 226 2613 patet
244 2547 272 2598 in
290 2546 420 2614 praeceps
438 2548 545 2598 tantum
564 2545 709 2612 tenditque
727 2544 777 2597 sub
796 2543 914 2609 umbras,

86 2621 207 2682 (inantus
227 2622 263 2674 ad
280 2621 433 2674 aetherium
452 2620 520 2672 caeli
539 2625 680 2687 suspectus
700 2619 851 2687 Olympum.

88 2696 139 2748 llic
156 2713 241 2762 genus
259 2698 402 2765 antiquum
421 2696 528 2762 Terrae,
548 2695 652 2748 Titania
669 2694 763 2762 pubes,
897 2707 932 2745 ese

88 2771 210 2825 llulmine
228 2773 327 2825 deiecti
344 2772 429 2825 fundo
448 2771 592 2824 volvuntur
609 2772 636 2822 in
655 2770 715 2822 imo.

89 2847 140 2899 llie
158 2850 187 2899 et
206 2846 319 2900 Aloidas
336 2848 458 2914 geminos
475 2847 593 2899 inmania
611 2845 666 2898 vidi

86 2924 214 2991 Corpora,
232 2923 278 2991 qui
296 2922 420 2975 manibus
437 2938 566 2989 magnum
585 2921 742 2974 rescindere
761 2917 865 2972 eaelum
923 2988 925 2991 Ι

86 2999 226 3066 Adgressi,
245 2997 405 3066 superisque
424 2999 518 3051 lovem
537 2997 686 3050 detrudere
703 2995 801 3061 regnis.

86 3075 148 3127 Vidi
168 3079 196 3129 et
214 3075 333 3129 erudelis
352 3074 463 3127 dantem
482 3073 626 3125 Salmonea
643 3087 753 3139 poenas,
897 3085 934 3142 sss

87 3153 155 3204 lhun
174 3152 296 3207 flammas
316 3150 388 3204 Iovis
406 3152 436 3203 et
453 3149 557 3202 sonitus
574 3149 696 3200 imitatur
715 3146 830 3214 Olympi.
