2032 3524
88 121 133 165 156
324 115 353 163 l'.
373 112 527 162 VERGILI
545 113 713 162 Mauortis

86 196 148 249 Nun
166 198 242 251 licuit
260 195 371 251 thalami
388 196 530 261 expertem
549 193 607 246 siue
625 193 741 247 crimino
758 195 843 250 vitam
906 214 945 253 oc)

89 274 202 341 begere,
220 291 296 327 nune
314 272 396 333 ferao,
415 270 477 323 talis
496 286 546 323 nec
565 274 681 338 tangere
698 275 791 326 curas!

86 350 148 402 Nou
166 358 273 403 servata
291 349 366 412 lidos,
386 346 470 399 cineri
488 347 623 414 promissa
642 348 776 417 Sychaeo!

86 425 187 479 'lautos
206 426 251 479 illa
269 444 317 479 suo
335 423 480 490 rumpebat
500 428 611 493 licetine
629 428 749 493 questus.

121 505 230 557 Aeneas
248 504 320 556 celsa
338 503 365 553 iu
383 502 475 570 puppi,
495 503 547 553 iam
567 506 658 555 certus
675 501 766 570 eundi,

85 579 223 647 Carpebat
241 596 355 643 sunmos,
374 578 456 631 rebus
475 579 530 630 iam
549 579 603 631 rito
620 579 729 647 paratis

87 655 157 708 lluie
176 675 205 709 se
222 657 309 709 forma
328 656 373 708 dci
392 656 469 707 voltu
491 655 633 708 redeuntis
651 655 747 708 eodem

85 731 192 785 Obtulit
211 733 237 784 in
256 733 364 800 soumis,
383 749 531 813 mrqusque
551 733 590 784 ita
608 731 666 784 risa
683 747 794 786 monere
811 735 864 800 cst,

85 808 184 861 Omnia
201 808 337 862 Mercurio
356 808 458 874 similis,
478 824 626 876 vocemque
645 807 818 876 coloremque

86 884 121 937 Et
139 886 219 938 crinis
237 886 320 939 ssavos
339 890 367 940 et
385 885 507 938 membra
526 885 625 938 deeora
642 886 765 938 iuventa:

84 961 157 1014 Nato
175 963 234 1030 (lea,
252 967 330 1031 potes
349 963 400 1016 hoc
419 962 470 1016 sub
489 979 553 1015 casu
572 963 672 1014 duecro
689 977 805 1025 somnos,
904 980 944 1020 nno

85 1036 109 1087 N
112 1055 149 1099 ee,
168 1055 238 1106 qnae
255 1043 284 1093 te
302 1041 402 1093 circum
422 1043 496 1093 stent
513 1038 614 1091 deindo
632 1037 760 1105 pelieula,
777 1038 875 1106 cernis,

85 1114 211 1183 Demens,
229 1134 278 1169 nce
297 1117 434 1186 Zephyros
452 1116 531 1169 audis
550 1116 654 1184 spirare
672 1114 822 1168 seemulosl

85 1190 137 1243 llla
155 1192 231 1245 dolos
250 1193 394 1261 dirumque
413 1193 489 1245 nefas
507 1192 535 1243 in
553 1194 664 1259 pectore
682 1194 780 1254 vereat,

84 1267 167 1321 Certa
184 1270 259 1334 mori,
279 1269 407 1335 varioque
427 1269 528 1320 irarum
547 1268 661 1320 lluctuat
679 1268 763 1320 aestu.

85 1342 144 1395 Non
157 1345 228 1410 fugis
240 1344 303 1397 hine
316 1361 453 1412 praeceps,
467 1344 532 1396 (lum
546 1344 726 1413 praecipitare
738 1345 879 1411 potestaol
904 1360 943 1400 σας

84 1418 143 1471 lam
161 1437 236 1472 mare
255 1420 360 1473 turbari
380 1419 511 1485 trabibus,
532 1436 680 1487 saevasque
698 1418 804 1471 ridebis

83 1495 231 1550 Corrluccro
248 1496 328 1562 faces,
347 1496 401 1548 iam
419 1497 526 1549 fervere
545 1496 626 1549 litora
645 1495 767 1562 llammis,

83 1572 111 1623 ni
130 1575 158 1625 te
176 1572 217 1625 his
235 1572 360 1639 attigerit
377 1573 459 1624 terris
479 1573 589 1625 Aurora
607 1574 765 1624 plorantem.

84 1648 155 1701 lleia
172 1665 230 1716 age,
248 1665 345 1716 rumpe
363 1665 460 1701 meurs.
499 1648 613 1700 Varium
632 1651 661 1701 et
678 1646 810 1701 mutabile
828 1664 943 1718 semper

83 1724 200 1778 Femina.
238 1725 282 1778 Sic
300 1726 373 1777 latus
391 1726 463 1778 nocti
482 1742 511 1777 sc
530 1725 667 1777 inmiscuit
685 1728 768 1777 atrae.
901 1741 941 1780 ore

116 1800 183 1853 'l'nm
202 1818 267 1854 vero
287 1803 403 1865 Aeneas,
422 1801 520 1853 subitis
542 1801 689 1854 exterritus
706 1798 819 1868 umbris,

82 1875 201 1944 Corripit
219 1894 234 1930 o
252 1893 345 1930 somno
364 1894 461 1945 eorpus
480 1877 622 1945 sociosque
640 1877 752 1944 fiatigat;

82 1952 249 2021 Praecipites
267 1953 385 2021 vigilate,
405 1954 462 2018 riri,
483 1956 512 2006 et
531 1952 664 2006 considite
681 1950 809 2005 transtris
815 1971 824 2017 ;

81 2028 183 2082 Solvite
200 2030 261 2083 vela
279 2030 333 2084 cit'.
371 2031 444 2082 Deus
463 2029 575 2083 aethere
595 2029 692 2081 missus
710 2027 745 2079 ab
762 2027 820 2081 alto

81 2103 224 2159 Festinaro
241 2106 334 2174 fugam
352 2111 494 2173 tortosque
512 2104 634 2158 incidere
654 2104 726 2155 funis
904 2122 943 2162 oto

21 2202 26 2211 ·
80 2180 150 2233 Ecce
168 2183 267 2235 iterum
286 2183 415 2236 stimulat.
454 2182 600 2250 Sequimur
620 2185 654 2246 tc,
673 2182 764 2232 saneto
783 2178 912 2249 deorum,

80 2255 209 2323 Quisquis
228 2275 264 2323 es,
282 2259 441 2326 inperioquc
460 2259 560 2310 iterum
578 2272 703 2324 paremus
722 2260 842 2311 oronites

81 2331 165 2383 Adsis
184 2348 199 2383 ο
218 2333 393 2401 placidusque
411 2335 493 2399 imos,
514 2338 543 2386 et
561 2332 652 2385 sidera
670 2330 744 2384 eaelo

80 2406 187 2459 Dextra
204 2407 282 2460 ferae.
320 2409 406 2475 Dixit,
427 2409 579 2476 vaginaque
598 2409 680 2475 cripit
697 2422 791 2460 ensem

80 2481 258 2549 Fulmineum,
278 2483 429 2551 strictoque
447 2484 513 2535 ferit
531 2484 683 2536 retinacula
700 2483 779 2535 ferro.
903 2501 944 2542 sm

80 2556 159 2609 idem
177 2558 264 2609 omnis
282 2558 361 2610 simul
379 2559 462 2611 ardor
480 2558 571 2626 habet,
591 2560 757 2628 rapiuntque
774 2561 936 2631 ruuntque

79 2631 172 2685 Litora
191 2632 351 2697 desemero;
369 2633 438 2686 latet
456 2634 507 2686 sub
525 2635 656 2688 elassibus
674 2650 793 2703 aequ0r;

79 2707 183 2762 Adnisi
199 2711 329 2774 torquent
348 2725 456 2774 spumas
476 2712 504 2761 et
523 2711 631 2763 caerula
649 2713 772 2764 verrunt.

114 2783 149 2835 ltt
167 2783 221 2835 iam
238 2783 325 2850 prima
343 2800 411 2835 novo
431 2785 576 2850 spargebat
594 2786 697 2839 lumine
714 2789 806 2841 terrae

79 2858 188 2911 Tithoni
207 2874 330 2910 croceum
349 2858 475 2925 linquens
496 2862 603 2913 Aurora
622 2862 718 2915 cubile.
903 2884 944 2927 ως

80 2934 184 2999 Regina
202 2950 217 2985 e
235 2933 350 3001 speculis
367 2936 399 2984 ut
418 2933 534 2999 prinum
553 2935 692 2991 albescere
709 2937 799 2991 lucem

79 3008 158 3061 Vidit
175 3011 204 3060 et
222 3007 347 3076 aequatis
363 3007 477 3060 classem
496 3011 645 3076 procedere
664 3013 738 3080 velis,

77 3082 225 3150 Litoraque
243 3086 272 3136 ct
289 3099 387 3138 vacuos
405 3083 490 3136 sensit
508 3084 567 3138 sine
584 3089 689 3155 remige
705 3092 812 3159 portus,

77 3158 184 3224 Terque
202 3163 353 3225 quaterque
371 3175 452 3211 mauu
470 3163 565 3227 peetus
583 3179 711 3229 pereussa
728 3164 863 3227 decenum
