2032 3524
356 122 536 170 AENEIDOS
554 122 622 168 LIB.
643 123 664 169 1.
908 125 938 172 99

87 201 185 254 Frater
203 204 235 254 ut
255 202 363 253 Aeneas
381 202 477 268 pelage
498 205 563 255 tuns
581 202 672 254 onmia
688 202 789 254 circum

85 275 179 329 Litora
196 276 315 330 iactetur
332 277 403 329 odiis
424 276 535 329 lunonis
553 276 668 343 iniquae,

84 352 110 404 N
113 357 158 405 ota
176 353 235 418 tibi,
255 356 284 405 et
301 356 395 405 nostre
414 352 525 406 deluisti
544 369 625 420 saepe
644 352 744 406 dolore.

86 427 166 480 Hunc
185 429 334 482 Phoenissa
352 432 429 490 tenet
447 428 520 480 Dido
536 427 699 495 blandisque
717 433 840 482 moratur
901 441 939 485 oro

85 503 217 569 Vocibns3
239 507 268 558 et
286 521 390 571 vereor,
408 520 510 572 quase
530 503 645 556 lunonia
664 507 773 557 vertant

87 580 226 648 llospitia;
247 580 320 633 haud
338 583 416 633 tanto
435 579 553 633 cessabit
570 580 681 633 cardine
699 596 798 633 rernm.

48 700 54 712 .
84 656 214 717 Quocirca
232 673 330 725 capere
347 658 412 708 ante
431 655 500 709 dolis
518 659 547 709 et
564 656 674 722 cingere
691 655 800 708 flamma

85 731 217 798 Reginam
235 733 360 798 meditor,
378 749 413 785 ne
431 749 485 800 quo
504 749 533 785 se
550 731 661 785 numine
678 735 775 797 mutet,

82 807 138 861 Sed
157 826 254 876 magno
274 810 386 862 Aeneae
405 825 511 861 mecum
529 811 658 861 teneatur
675 824 773 860 amore.
901 820 937 859 ors

83 883 143 947 Qua
160 886 250 938 iacere
268 885 299 952 id¹
314 885 408 952 possis,
426 888 548 937 nostram
566 901 637 937 nunc
655 884 746 950 accipe
764 885 897 935 mentem:

83 959 184 1027 Regius
202 962 291 1013 accitu
309 961 364 1013 cari
382 960 513 1027 genitoris
531 961 567 1013 ad
584 959 679 1012 urbem

81 1035 220 1089 Sidoniam
238 1054 306 1104 puer
323 1037 363 1088 ire
381 1040 468 1102 parat,
487 1053 548 1088 mea
565 1052 692 1087 rnaxuma
709 1052 781 1101 cura,

84 1111 161 1164 iluna
178 1113 277 1178 ferens,
296 1112 391 1178 pelago
411 1114 440 1162 et
459 1110 575 1162 flammis
593 1111 726 1162 restantia
744 1110 855 1175 Troiae;

83 1188 164 1240 llunc
180 1205 232 1254 ego
251 1188 370 1254 sopitum
388 1202 482 1238 somno
501 1202 583 1253 super
600 1186 656 1238 alta
675 1185 793 1253 Cythera
898 1200 937 1240 oso

82 1264 141 1316 Aut
161 1280 243 1330 super
262 1262 380 1314 Idalium
399 1265 506 1314 saerata
523 1261 589 1314 sede
608 1261 759 1327 recondam,

81 1339 106 1390 N
109 1356 124 1390 e
142 1356 197 1406 qua
215 1339 283 1391 scire
302 1338 378 1391 delos
395 1337 535 1391 mediusve
554 1354 694 1391 occurrere
712 1337 805 1405 possit

78 1415 120 1469 Tu
138 1414 234 1468 faciem
252 1415 323 1467 illius
341 1418 449 1468 noctem
468 1431 520 1466 non
538 1413 653 1482 amplius
670 1430 751 1466 unam

82 1491 157 1544 h'alle
175 1490 245 1558 dolo,
264 1493 293 1544 et
311 1495 390 1544 notos
409 1492 486 1558 pueri
504 1508 573 1558 puer
590 1490 674 1543 indue
692 1489 789 1557 voltus,

81 1567 127 1632 Ut,
146 1584 208 1619 cum
226 1571 254 1620 te
272 1567 376 1635 grenrio
397 1567 512 1634 accipiet
528 1566 678 1620 laetissima
697 1566 769 1619 Dido
899 1580 936 1620 esa

82 1642 190 1710 ltcgalis
208 1644 280 1696 inter
298 1660 405 1696 mensas
423 1643 586 1712 laticemque
605 1643 733 1711 Lyaeum,

79 1718 149 1770 Cum
168 1719 245 1772 dabit
262 1721 403 1788 amplexus
421 1723 505 1787 atquc
523 1720 615 1773 oscula
634 1718 724 1771 dulcia
741 1718 817 1786 figet,

79 1793 222 1848 Occultum
241 1795 356 1864 inspires
374 1797 465 1863 ignem
483 1796 615 1864 fallasque
633 1811 743 1848 veneno.

82 1869 164 1924 Paret
183 1873 269 1923 Amor
287 1871 368 1924 dietis
386 1889 465 1924 carae
482 1872 636 1940 genetricis,
654 1875 684 1924 et
701 1870 758 1923 alas

80 1945 171 2013 Exuit,
190 1951 218 2000 et
235 1964 333 2014 gressu
350 1948 472 2014 gaudens
490 1947 593 2001 incedit
613 1947 672 2000 Iuli.
898 1958 935 1998 ooo

80 2023 121 2074 At
139 2021 234 2075 Venus
254 2023 371 2074 Ascanio
390 2022 523 2088 placidam
542 2040 591 2089 per
608 2022 731 2075 rnembra
749 2020 872 2089 quietem

80 2097 193 2164 inrigat,
212 2101 241 2150 et
259 2098 345 2149 fotum
364 2097 468 2163 gremio
485 2097 539 2149 dea
557 2098 629 2150 tollit
646 2097 674 2149 in
691 2097 762 2149 altos

81 2172 186 2225 idaliae
204 2173 286 2239 lucos,
304 2172 351 2224 nbi
369 2172 457 2224 mellis
476 2188 615 2225 amaracus
633 2173 709 2225 illurn

80 2249 206 2302 Floribus
224 2253 253 2302 et
271 2248 343 2301 dulci
362 2248 504 2316 adspirans
522 2248 702 2315 conplectitur
719 2247 823 2299 umbra

117 2325 231 2392 Iamque
248 2325 307 2377 ibat
327 2325 401 2377 dicto
420 2341 519 2392 parens
537 2327 567 2377 et
586 2323 658 2376 dona
676 2323 783 2390 Cupido
899 2339 935 2378 oar

82 2401 169 2468 Regia
186 2401 313 2469 portabat
332 2401 426 2468 Tyriis,
445 2400 514 2453 duce
532 2400 621 2453 laetus
640 2399 754 2452 Achate.

80 2479 149 2530 Cum
168 2478 249 2543 venit,
268 2477 370 2529 aulaeis
389 2477 443 2528 iam
462 2493 492 2529 se
509 2475 605 2542 regina
622 2475 747 2543 superbis

84 2555 174 2605 Aurea
192 2553 334 2621 conposuit
352 2553 457 2620 sponda
474 2552 648 2620 mediamque
666 2550 771 2604 locavit.

83 2629 141 2681 ianr
159 2633 237 2696 pater
257 2631 365 2681 Aeneas
384 2631 413 2682 et
430 2629 483 2680 iam
503 2628 617 2680 Troiana
634 2627 761 2680 inventus

82 2703 259 2772 Conveniunt,
278 2708 420 2772 stratoque
439 2721 521 2771 super
538 2702 719 2757 discumbitur
736 2706 816 2756 ostro.
899 2713 935 2755 70⁰

81 2780 155 2833 Dant
173 2781 265 2832 famuli
283 2779 407 2832 manibus
425 2781 554 2848 lymphas,
575 2780 757 2846 Cereremque
774 2778 899 2832 canistris

82 2855 247 2924 Expediunt,
266 2856 407 2922 tonsisque
425 2858 515 2909 ferunt
534 2855 756 2910 manteliavillis.

83 2931 285 2999 Quinquaginta
302 2931 377 2983 intus
394 2932 519 3001 famulae,
537 2932 636 3001 quibus
654 2931 749 2985 ordine
766 2931 875 2997 longam

83 3007 154 3059 Cura
170 3024 275 3074 penum
290 3009 451 3066 struere,·et
468 3008 583 3062 flammis
601 3008 711 3061 adolere
730 3007 855 3071 Penatis3

83 3082 200 3135 Centum
218 3082 288 3135 aliae
306 3080 478 3150 totidemque
495 3102 575 3154 pares
593 3087 685 3138 aetate
702 3083 826 3150 ministri,
897 3095 933 3138 ror

83 3156 134 3220 Qui
154 3158 268 3273 dapibus
287 3174 394 3210 mensas
411 3165 525 3215 onerent
542 3165 572 3215 et
589 3161 685 3228 pocula
702 3164 811 3230 ponant.
837 3214 842 3223 ,
871 3219 877 3231 ⁸

836 3243 844 3261 .
874 3250 879 3258 .
