2032 3524
339 119 545 168 GEORGIOON
562 119 630 168 ΜΒ.
651 121 689 169 Π.
912 125 939 169 41

87 204 155 269 Aut,
172 200 221 254 ubi
238 200 353 269 navigiis
372 199 515 254 violentior
534 199 630 254 incidit
649 201 746 267 Eurus,

86 279 183 344 Nosse,
202 281 269 346 quet
289 277 359 330 lonii
377 276 487 331 veniant
503 277 539 330 ad
557 276 639 331 litora
656 278 761 332 flnctus

122 355 147 407 N
150 371 180 408 ee
198 370 262 406 vero
280 358 371 408 terrae
388 354 463 408 ferre
481 371 575 408 omnes
593 356 682 410 omnia
698 359 819 423 possunt.

86 431 259 487 Fluminibus
277 431 372 484 salices
390 432 543 500 crassisque
561 432 707 500 paludibus
725 433 779 486 alni
907 447 944 488 11⁰

86 511 251 575 Nascuntur,
270 508 377 561 steriles
396 507 500 561 saxosis
519 508 659 561 montibus
677 511 751 564 orni:

86 586 181 640 Litora
198 585 323 654 myrtetis
341 585 505 651 laetissima;
523 584 641 653 denique
659 590 768 655 apertos

85 663 210 716 Bacchus
227 665 301 716 amat
318 662 400 730 collis,
419 662 572 730 aquilonem
591 665 620 715 et
637 663 739 731 frigora
757 663 821 717 taxi

86 741 187 808 Aspice
206 743 235 794 et
253 740 383 792 extremis
402 739 535 792 domitum
554 739 704 793 cultoribus
722 739 823 806 orbem,

84 816 210 885 ansque
228 816 322 868 domos
343 816 466 868 Arabum
485 815 628 883 pictosque
646 815 776 870 Gelonos:
907 829 943 868 nt

84 892 195 946 Divisae
213 891 357 945 arboribus
375 893 488 960 patriae.
526 891 589 944 Sola
608 891 688 944 India
705 893 813 959 nigrum

84 968 153 1021 Fert
171 969 294 1034 ebenum,
313 968 377 1020 solis
395 972 438 1021 est
456 972 536 1021 turea
553 969 630 1035 virga
648 969 768 1021 Sabaeis.

83 1045 156 1109 Quid
176 1045 226 1098 tibi
245 1045 360 1097 odorato
378 1043 495 1097 reseram
514 1045 642 1097 sudantia
660 1045 733 1111 ligno

83 1121 265 1189 Balsamaque
283 1124 312 1173 et
330 1121 411 1172 bacas
429 1135 537 1187 semper
555 1119 708 1173 frondentis
726 1120 856 1176 acanthi?

82 1197 158 1261 Quid
176 1213 286 1249 nemora
308 1196 483 1263 Aethiopum,
503 1195 577 1248 molli
595 1197 720 1248 canentia
737 1196 818 1251 lanai
905 1211 941 1251 ιω

88 1272 251 1340 Velleraque
269 1275 301 1325 ut
319 1270 388 1323 soliis
408 1271 556 1337 depectant
574 1271 669 1324 tenuia
688 1272 784 1327 Seresl

84 1351 145 1402 Aut
163 1366 231 1417 quos
251 1349 357 1402 Oceano
376 1349 486 1416 propior
504 1349 577 1415 gerit
598 1348 677 1401 India
696 1349 776 1415 lucos,

82 1426 207 1478 Extremi
226 1426 300 1478 sinus
319 1424 399 1491 erbis,
419 1424 465 1476 ubi
485 1441 549 1478 aera
567 1425 674 1478 vincere
693 1443 827 1479 summum

82 1502 198 1555 Arboris
217 1502 290 1554 haud
308 1501 379 1554 ullae
398 1501 472 1554 iactu
490 1505 605 1570 potuere
625 1502 762 1568 sagittael

81 1578 119 1630 llt
136 1594 204 1644 gens
222 1578 268 1630 illa
286 1577 398 1645 quidem
416 1579 532 1645 sumptis
550 1595 603 1631 non
622 1578 703 1630 tarda
720 1577 864 1646 pharetris.
904 1592 940 1633 lae

82 1654 177 1706 Media
194 1655 248 1707 fert
267 1653 355 1707 tristis
375 1670 453 1706 sucos
472 1655 637 1722 tardumque
656 1671 780 1723 saporem

83 1729 180 1783 Felicis
199 1731 270 1796 mali,
289 1746 343 1798 quo
362 1746 415 1782 non
433 1731 604 1798 praesentius
622 1731 714 1797 ullum,

83 1806 183 1861 Pocula
201 1808 223 1859 si
242 1806 351 1875 qnando
371 1823 467 1859 saevae
487 1806 605 1860 infecere
624 1825 754 1861 novercae

81 1880 305 1951 Miscuernntqne
323 1882 423 1935 herbas
441 1886 470 1936 et
488 1899 541 1935 nen
559 1884 669 1936 innoxia
686 1884 776 1949 verba,

82 1959 223 2012 Auxilium
242 1959 324 2024 venit,
343 1976 375 2011 ae
393 1959 523 2012 membris
541 1960 599 2026 agit
617 1963 678 2012 atra
695 1976 804 2012 venena.
903 1971 940 2012 ιω

81 2034 148 2101 Ipsa
165 2035 261 2101 ingens
279 2035 359 2086 arbos
377 2035 527 2102 faciemque
546 2035 682 2088 simillima
699 2037 781 2101 lauro,

82 2110 126 2175 Ilt,
146 2110 168 2162 si
187 2127 239 2160 non
259 2110 342 2161 alium
361 2109 416 2161 late
434 2110 548 2163 iactaret
567 2111 686 2176 odorem,

82 2185 191 2238 Laurus
208 2189 283 2250 erat;
300 2186 365 2238 folia
384 2185 457 2238 haud
475 2185 537 2253 ullis
556 2186 677 2239 labentia
695 2188 801 2252 veutis;

81 2260 146 2314 illos
164 2262 198 2314 ad
217 2263 306 2330 prima
324 2264 421 2328 tenax3
441 2263 546 2316 animas
563 2267 593 2317 et
610 2263 714 2317 olentia
733 2263 808 2317 Medi

79 2336 138 2389 Ora
155 2337 247 2391 fovent
264 2339 310 2391 illo
329 2343 358 2392 et
376 2338 486 2393 senibus
504 2339 675 2394 medicantur
692 2340 802 2393 anhelis.
902 2357 938 2396 sss

116 2413 170 2468 Sed
190 2430 277 2482 neque
297 2414 442 2468 Medorum
460 2416 550 2483 silvae,
570 2417 705 2470 ditissima
722 2420 804 2484 terra,

80 2487 140 2541 Nec
158 2490 271 2558 pulcher
289 2490 398 2558 Ganges
416 2495 501 2561 atque
518 2510 583 2546 auro
601 2493 727 2546 turbidus
747 2493 867 2547 Hormus

81 2564 220 2618 Laudibus
241 2567 338 2620 ltaliae
356 2573 471 2635 certent,
489 2585 542 2622 non
563 2570 670 2635 Baetra,
689 2585 777 2638 noque
797 2568 867 2636 Indi,

80 2639 203 2709 Totaque
221 2643 343 2696 turiferis
363 2644 498 2698 Panchaia
515 2647 622 2714 pinguis
639 2647 736 2699 arenis.

81 2715 159 2769 Haec
175 2717 233 2770 loca
251 2735 304 2770 non
323 2719 394 2772 tauri
414 2722 550 2788 spirantes
569 2722 680 2774 naribus
698 2722 788 2789 ignem
900 2732 937 2772 reo

81 2791 223 2846 Insertere
241 2794 308 2846 satis
326 2796 441 2850 inmanis
460 2797 589 2850 dentibus
606 2797 692 2864 hydri,

80 2866 139 2922 Nec
156 2870 240 2937 galeis
259 2869 407 2941 densisque
425 2873 513 2927 virum
533 2891 610 2942 seges
629 2872 734 2926 horruit
753 2872 856 2937 hastis3

78 2942 135 2997 Sed
152 2946 281 3012 gravidae
299 2946 391 3016 fruges
409 2953 438 3003 et
456 2949 555 3004 Bacchi
573 2951 706 3004 Massicus
723 2949 821 3001 humor

81 3020 240 3088 Inplevere;
258 3025 355 3077 tenent
373 3025 448 3079 oleae
466 3031 644 3093 armentaque
662 3025 744 3077 laeta.

80 3096 153 3150 Hine
169 3097 287 3151 bellator
304 3116 391 3168 equus
408 3117 503 3168 campo
522 3118 582 3155 sese
600 3101 701 3154 arduus
718 3100 815 3166 infert;
900 3113 937 3154 lle

80 3172 152 3227 Hinc
169 3172 232 3240 albi,
252 3173 396 3241 Clitumna,
414 3193 511 3244 greges
529 3180 559 3232 et
575 3191 703 3229 maxuma
720 3179 813 3230 taunu
