2032 3524
320 544 349 593 P.
373 542 529 591 VERGILI
551 539 718 589 MARONIS

289 663 326 738 G
344 663 379 736 Ε
399 664 432 738 O
451 663 489 735 R
508 662 544 736 G
563 662 584 733 Ι
602 661 634 735 C
653 661 686 735 O
708 659 746 732 N

187 816 192 824 '
355 829 473 884 nnana
499 827 684 894 annaeus.

471 1001 572 1030 -μ-

94 1147 238 1201 Paomnos
256 1147 322 1201 aerii
342 1147 430 1214 mellis
449 1147 577 1200 caelestia
595 1146 667 1199 dona

94 1223 243 1290 Exsequar.
281 1224 359 1276 Hanc
378 1223 468 1289 etiam,
489 1222 640 1289 Maecenas,
658 1222 749 1290 aspice
767 1225 880 1290 partem

99 1298 270 1352 Admiranda
289 1299 339 1352 tibi
357 1299 457 1352 levium
477 1299 630 1366 spectacula
649 1316 740 1351 rerum

96 1373 341 1442 Magnanimusque
361 1375 444 1428 duces
463 1374 602 1442 totiusque
622 1375 717 1427 ordine
735 1375 826 1442 gentis

94 1450 186 1503 Mores
206 1454 235 1502 et
254 1451 345 1503 studia
363 1455 391 1503 et
409 1451 521 1519 populos
540 1455 569 1504 ct
587 1452 690 1519 proclia
711 1451 806 1503 dicam.
936 1467 949 1504 s

93 1527 127 1579 In
146 1527 222 1579 tenui
242 1526 334 1590 labor;
356 1531 385 1580 at
404 1528 493 1580 tennis
513 1545 566 1579 uon
585 1527 679 1594 gloria,
700 1527 821 1595 siquem

94 1601 214 1655 Numina
233 1602 309 1655 laeva
329 1603 420 1655 sirnmt
439 1602 570 1670 auditque
591 1607 702 1656 vocatus
723 1604 829 1671 Apollo.

131 1677 266 1745 Principio
286 1678 364 1731 sedes
384 1677 479 1745 apibus
500 1679 637 1746 statioque
655 1680 782 1749 petenda,

94 1756 154 1819 Quo
172 1770 261 1823 neque
279 1755 315 1807 sit
334 1757 423 1808 ventis
443 1756 638 1821 aditus-nam
657 1756 757 1824 pabula
774 1759 847 1810 venti

95 1831 178 1883 llcrre
192 1831 302 1884 domum
316 1832 586 1899 prohibent—noque
600 1850 663 1885 oves
675 1833 810 1900 haedique
822 1833 923 1900 petulci

94 1905 218 1959 Floribus
238 1907 376 1970 insultent,
397 1913 444 1959 anit
464 1924 558 1959 errans
577 1908 675 1962 bucula
693 1926 787 1977 campo
926 1921 949 1959 11

95 1983 222 2035 Decutiat
242 1998 339 2046 rorem,
361 1986 388 2034 et
408 1982 544 2048 surgentis
563 1986 666 2036 atterat
684 1984 788 2036 herbas.

96 2059 195 2111 Absint
214 2061 242 2109 et
260 2057 326 2124 picti
347 2057 499 2125 squalentia
519 2061 597 2124 terga
616 2059 710 2110 lacerti

94 2134 245 2200 Pingnibus
264 2128 280 2186 a
299 2134 422 2201 stabulis,
443 2151 631 2202 meropesque,
650 2134 773 2203 aliaeque
792 2136 922 2194 volucres.

94 2213 130 2264 llt
151 2211 273 2264 manibus
294 2211 397 2264 Procne
418 2215 512 2279 pectus
532 2212 637 2279 signata
656 2212 788 2275 cruentis3
926 2227 950 2264 15

95 2288 192 2340 Omnia
210 2305 273 2340 nam
292 2289 346 2341 late
366 2292 482 2355 vastant,
503 2290 631 2358 ipsasque
650 2288 764 2341 volantis

94 2365 149 2417 Orc
168 2363 260 2416 ferunt
281 2365 387 2417 dulcem
407 2365 478 2418 nidis
498 2366 637 2419 inmitibus
657 2382 752 2418 escam.

96 2443 135 2494 At
153 2440 248 2507 liquidi
268 2442 357 2494 fontes
377 2447 405 2496 ct
426 2447 523 2509 stagna
542 2443 657 2496 virentia
675 2459 766 2495 musco

97 2517 204 2584 Adsint,
225 2523 253 2571 et
272 2521 360 2572 tenuis
380 2521 485 2587 fugiens
505 2537 554 2588 per·
572 2521 694 2588 gramina
712 2519 792 2585 rivus,

99 2595 243 2663 Palmaque
265 2595 427 2648 vestibulum
447 2600 494 2648 aut
513 2597 609 2663 ingens
628 2596 744 2649 oleaster
762 2593 910 2656 inumbret,

97 2671 142 2736 Ut,
162 2687 222 2723 cum
241 2671 329 2738 prima
348 2673 409 2723 novi
430 2672 530 2725 ducent
549 2673 673 2724 examina
691 2687 770 2738 reges
927 2681 950 2719 21

96 2748 169 2801 Vcre
188 2764 243 2814 suc,
263 2746 394 2814 ludetque
413 2749 480 2800 favis
500 2749 596 2801 emissa
615 2747 746 2812 iuventus,

97 2825 191 2878 Vicina
209 2823 306 2877 invitet
326 2823 461 2878 decedere
480 2826 539 2892 ripa
558 2824 646 2889 calori,
705 2853 706 2857 =

30 2947 32 2950 ,
97 2902 239 2969 Obviaque
256 2899 380 2968 hospitiis
397 2904 489 2954 teneat
507 2899 697 2953 frondentibus
716 2897 803 2950 arbos.

100 2977 130 3032 ln
150 2978 277 3041 medinm,
297 2993 345 3028 scu
364 2977 447 3031 stabit
466 2980 545 3040 iners,
566 2994 613 3029 seu
632 2976 750 3044 profluet
768 2974 872 3038 humor,

98 3048 276 3108 'transversas
295 3053 389 3106 salices
408 3058 436 3106 ct
454 3055 568 3123 grandia
586 3053 686 3107 coniice
744 3068 777 3111 ra,
