2032 3524
352 137 556 186 GEORGICON
575 138 643 188 LIB.
663 139 685 188 1.
914 137 942 187 27
981 136 982 139 ’

91 226 191 279 Elicit?
207 222 254 277 illa
271 223 371 276 cadens
389 234 498 274 raucum
516 235 566 287 per
583 219 653 272 levia
670 234 792 271 murmur

90 301 162 354 Saxa
179 301 239 364 ciet,
259 300 444 366 scatebrisque
463 296 567 349 arentia
585 298 723 363 temperat
740 311 810 347 arva
908 307 945 346 uo

91 377 169 444 Quid,
188 376 241 444 qui,
260 393 294 429 ne
312 374 428 443 gravidis
447 371 608 439 procumbat
625 371 729 424 culmus
747 371 845 436 aristis,

92 452 237 506 Lirxuriem
256 456 379 519 segetum
397 453 493 503 tenera
511 448 634 516 depascit
651 451 678 502 in
697 448 789 514 herba,

91 529 159 582 (lum
176 529 293 596 primum
312 528 398 580 sulcos
416 526 536 593 aequant
554 527 633 579 satal
652 527 752 593 quique
768 522 875 592 paludis

77 604 240 669 ¹(lollectum
257 604 398 656 humorem
416 601 509 654 bibula
527 600 638 656 deducit
656 619 746 668 arena,

91 680 280 733 Praesertim
272 683 360 732 rncert
360 680 383 731 is
401 679 423 731 si
441 676 577 730 mensibus
595 679 681 731 amnis
700 676 839 730 abundans
910 690 945 729 ιιι

90 757 162 823 Exit,
181 759 211 809 et
228 755 345 809 obducto
363 755 419 808 late
437 757 515 807 tenet
532 756 620 806 omnia
638 754 708 821 limo,

89 832 172 887 Unde
189 820 270 885 caiae
288 831 381 900 tepido
400 831 499 884 sudant
516 830 628 884 humore
646 797 776 884 lacdnael

124 909 150 962 N
152 925 183 962 ec
190 911 288 975 tamen
294 908 360 962 haec
368 925 429 960 cum
437 924 477 959 sin
479 904 946 975 thominumqueboumquelabores

89 985 233 1039 Versando
251 987 354 1038 terram
373 982 486 1051 experti,
504 983 569 1036 nihil
587 984 716 1051 inprobus
735 999 813 1035 anser

89 1060 313 1129 Strymoniaeque
331 1077 412 1127 grues
430 1062 459 1112 11
477 1060 575 1111 amaris
593 1060 679 1111 intiba
697 1059 772 1111 fibris
910 1071 946 1109 rao

89 1137 217 1190 Officiunt
235 1140 283 1188 aut
300 1135 397 1188 umbra
414 1139 501 1188 nocet.
539 1135 623 1187 Pater
640 1136 698 1202 ipsc
716 1134 821 1187 colendi

90 1211 175 1266 Haud
192 1212 297 1265 facilem
315 1228 374 1264 esse
393 1212 462 1264 viam
480 1211 572 1278 voluit,
590 1211 747 1279 primusque
764 1226 815 1276 per
832 1211 921 1294 artem

89 1288 178 1342 Movit
195 1304 281 1356 agros,
300 1289 371 1341 curis
389 1303 487 1341 acuens
504 1253 631 1341 1111111111
649 1288 738 1354 corda,

89 1365 148 1418 Nec
165 1367 276 1432 torpere
294 1365 370 1432 gravi
388 1380 483 1432 passus
502 1380 549 1417 sua
568 1380 653 1431 regna
671 1366 790 1416 aeterno.

90 1443 165 1495 Ante
185 1441 278 1494 Iovem
296 1441 362 1494 nulli
380 1440 542 1508 subigebant
560 1458 625 1494 arva
643 1440 747 1506 coloni;
911 1450 948 1491 ns

90 1517 115 1570 N
118 1534 133 1570 1
151 1518 262 1585 signare
277 1517 387 1586 quidem
405 1521 453 1570 aut
471 1517 566 1585 partiri
585 1517 671 1570 limite
689 1533 814 1586 campum

90 1593 144 1646 Fas
162 1597 235 1647 erat:
253 1595 282 1646 in
299 1592 420 1646 medium
439 1593 617 1662 quaerebant,
633 1594 747 1662 ipsaque
764 1591 846 1645 tellus

90 1669 188 1722 Omnia
205 1668 323 1734 liberius,
341 1669 416 1722 nullo
434 1673 570 1738 poscente,
588 1669 701 1724 serebat.

92 1745 142 1797 Ille
160 1745 260 1798 malum
279 1745 352 1798 virus
371 1745 543 1812 serpentibus
562 1745 670 1799 addidit
687 1746 762 1812 atris,

92 1821 277 1890 Praedarique
295 1821 372 1890 lupos
389 1821 476 1890 iussit,
494 1825 663 1890 pontumque
681 1820 948 1886 1111111111

90 1897 227 1985 Mellaque
247 1898 366 1951 decussit
383 1898 488 1964 soliis,
480 1914 626 1985 ignemque
644 1897 767 1964 removit,

90 1973 127 2025 Et
145 1974 244 2060 passim
259 1964 327 2025 rivis
345 1939 482 2026 currentia
499 1973 561 2026 vina
578 1974 716 2041 repressit,

90 2048 131 2101 Ut
150 2049 236 2101 varias
254 2064 319 2100 usus
336 2049 495 2101 meditando
514 2048 679 2101 extunderet
696 2049 764 2101 artis

92 2123 234 2191 Paulatim,
254 2126 284 2175 et
301 2124 382 2176 sulcis
400 2124 530 2176 frumenti
549 2128 694 2192 quaereret
714 2123 835 2188 herbam,

91 2200 115 2251 ll
119 2202 132 2253 t
150 2198 230 2252 silicis
249 2200 324 2253 venis
342 2199 497 2253 abstrusum
516 2199 665 2254 excuderet
683 2199 780 2267 ignem.
914 2218 945 2256 11

90 2277 164 2330 Tunc
182 2276 256 2329 alnos
274 2277 391 2344 primum
410 2276 484 2330 fluvii
503 2293 612 2330 sensere
628 2279 738 2329 cavatas
748 2296 755 2341 ;

90 2353 191 2406 Navita
208 2359 268 2406 tum
288 2353 374 2406 stollis
393 2347 520 2406 numeros
539 2356 568 2405 et
586 2354 695 2406 neurius
712 2351 785 2418 fecit,

60 2497 61 2501 Ἰ
93 2429 224 2495 Pleiadas,
245 2430 364 2498 Hyadas,
384 2430 539 2498 claramque
559 2429 689 2498 Lycaonis
708 2429 832 2493 Arcton;

89 2507 158 2559 Tum
176 2505 280 2574 laqueis
299 2509 410 2575 captare
429 2506 509 2573 feras,
528 2510 558 2560 et
576 2505 670 2559 fallere
687 2506 760 2559 risco

91 2582 244 2649 Inventum,
264 2586 293 2635 11
311 2599 424 2649 magnos
444 2582 556 2636 canibus
575 2581 743 2635 circumdare
761 2581 852 2635 saltus.
914 2578 963 2632 111

92 2662 186 2726 Atque
203 2658 271 2712 alius
289 2658 376 2712 latum
394 2659 550 2713 11111111
569 2659 697 2712 verberat
714 2675 829 2722 amnem,

91 2734 158 2787 Alta
175 2740 280 2802 petens,
300 2735 451 2804 pelagoque
470 2736 538 2789 alius
556 2735 642 2789 trahit
661 2734 774 2788 humida
790 2733 853 2786 lina.

92 2809 158 2863 l'um
176 2810 242 2864 ferri
259 2813 333 2879 rigor
352 2816 435 2880 atque
454 2817 568 2880 argutae
585 2813 686 2866 lamina
704 2828 840 2876 serrae,-

92 2887 162 2939 Nam
180 2889 260 2957 primi
278 2890 369 2942 cuneis
388 2889 549 2943 scindebant
568 2890 650 2942 fissile
668 2890 804 2956 lignum-

95 2963 159 3018 l'um
177 2965 269 3018 variae
287 2982 385 3018 venere
404 2969 484 3020 artes.
522 2966 613 3018 Labor
632 2966 721 3018 omnia
739 2964 803 3016 vicit
922 2973 953 3013 us

92 3042 229 3111 Inprobus
248 3046 277 3095 ct
295 3041 370 3094 duris
386 3059 506 3110 urguens
524 3044 551 3095 in
570 3043 652 3095 rebus
672 3043 787 3109 egestas.

94 3119 186 3171 l'rima
205 3118 288 3172 Ocres
307 3118 380 3170 ferro
399 3119 520 3172 mortalis
538 3122 646 3171 vertere
664 3121 767 3170 terram

95 3193 228 3261 Instituit,
246 3209 306 3247 cum
324 3193 377 3247 iam
396 3194 510 3262 glandes
527 3197 611 3262 atque
630 3193 727 3247 arbuta
744 3207 837 3284 sqerae
