2034 3944
307 129 310 134 ·
338 110 542 158 GEORGIOON
565 110 635 158 LIB'.
661 109 715 158 III.
914 111 945 156 65

99 186 163 238 lum
181 203 246 240 sere
262 187 393 243 ardentes
412 189 482 242 oeuli
500 192 584 255 atque
603 191 738 242 attractus
756 185 791 239 ab
808 185 865 240 alto
910 198 947 240 ses

93 259 220 330 Spiritus,
240 262 379 316 interdum
396 265 502 331 gemitu
520 265 619 332 gravis,
638 265 748 331 imaque
766 262 846 330 longo

97 339 149 391 llia
166 339 288 407 singultu
307 340 432 405 tendunt,
451 341 474 393 it
491 340 602 393 naribus
621 345 682 393 ater

94 415 217 484 Sanguis,
236 419 265 469 et
283 417 407 469 obsessas
425 418 516 471 fauces
534 417 636 486 premit
652 433 750 484 aspera
767 416 866 483 lingua

96 493 203 546 Profuit
221 494 326 547 inserto
344 494 440 548 latie'es
458 493 602 546 infundere
620 509 705 546 cornu

96 570 231 635 Lenaeos;
253 587 286 622 ea
304 571 361 623 visa
379 571 452 623 salus
471 569 652 623 morientibus
670 586 739 634 una3
911 583 954 639 siey

94 647 161 699 Mox
180 650 240 699 erat
258 646 308 699 hoe
325 647 414 714 ipsum
432 645 525 713 exitio,
545 646 680 714 furiisque
699 645 797 699 refecti

96 722 248 788 Ardebant,
266 721 374 789 ipsique
392 739 455 775 suos
472 722 526 776 iam
545 726 635 775 morte
653 721 704 774 sub
721 738 839 788 aegra—

95 797 130 851 Di
148 799 260 852 meliora
277 799 329 866 piis
347 815 525 866 erroremque
542 798 666 851 hostibus
684 798 761 850 illum
769 800 813 850 1-

95 873 229 928 Diseissos
247 875 329 928 nudis
347 875 487 928 laniabant
504 874 635 927 dentibus
653 878 738 926 artus.

95 950 164 1004 Eece
181 955 275 1004 autem
294 951 362 1003 duro
381 950 489 1003 fumans
504 950 558 1002 sub
576 965 685 1003 vomere
703 952 800 1002 taurus
911 962 948 1000 sis

95 1026 220 1080 Concidit
238 1031 267 1080 et
285 1028 401 1080 mixtum
420 1026 523 1095 spumis
541 1025 627 1079 vonut
644 1042 692 1078 ore
710 1040 835 1077 eruorem

97 1102 293 1170 Extremusque
312 1102 366 1155 ciet
383 1101 509 1169 gemitus
547 1101 575 1154 It
593 1101 682 1153 tristis
699 1105 801 1165 arator,

95 1178 264 1231 Maerentem
283 1178 433 1246 abiungens
451 1176 574 1230 fraterna
591 1180 680 1230 morte
697 1176 848 1241 iuvencum,-

97 1256 190 1321 Atque
209 1270 290 1321 opere
308 1254 336 1306 in
354 1252 444 1305 medio
464 1252 555 1305 defixa
572 1251 704 1320 relinquit
722 1255 821 1303 aratra.

94 1329 118 1380 N
122 1346 155 1380 on
171 1328 284 1382 umbrae
298 1329 417 1399 altorum
433 1343 582 1393 nemorum,
598 1344 652 1380 uon
667 1326 760 1380 mollia
774 1329 890 1395 possunt
911 1341 947 1380 sao

95 1405 178 1458 Prata
196 1421 305 1457 movere
323 1403 450 1469 animum,
470 1419 531 1470 non,
549 1403 598 1471 qui
616 1419 667 1471 per
685 1419 750 1455 saxa
768 1401 878 1456 volutus

95 1480 193 1532 Purior
211 1479 312 1534 electro
331 1495 457 1546 eampum
473 1480 547 1548 petit
564 1478 667 1543 amuis3
686 1478 789 1532 etima

92 1555 242 1608 Solvuntur
259 1555 355 1622 latera,
372 1558 457 1621 atque
473 1554 566 1608 oeulos
581 1557 680 1622 stupor
697 1557 797 1621 urguet
815 1553 920 1619 inertis,

95 1631 140 1683 Ad
159 1635 316 1699 terramque
336 1629 397 1683 fluit
414 1629 520 1682 devexo
537 1630 658 1698 pondere
674 1630 776 1683 cervix.

93 1707 167 1771 Quid
178 1706 256 1761 labor
267 1711 316 1760 aut
328 1706 472 1759 benefaeta
484 1707 595 1760 iuranti
608 1706 676 1774 quid
689 1721 797 1758 vomere
809 1707 900 1772 terras

95 1782 244 1837 luvertisse
261 1782 370 1850 gravisl
387 1782 468 1850 atqui
485 1799 538 1835 uon
558 1782 675 1835 Massica
694 1780 793 1834 Bacchi
909 1793 946 1834 sas

93 1859 216 1925 Munera,
233 1874 288 1910 non
305 1857 358 1910 illis
377 1857 474 1925 epulae
491 1874 608 1911 nocuere
626 1860 765 1925 repostae:

94 1934 249 1988 Frondibus
267 1936 297 1986 et
314 1933 388 1985 victu
406 1937 555 1999 pascuntur
571 1933 700 2000 simplicis
719 1932 826 1995 herbae,

95 2011 194 2063 Pocula
212 2012 277 2062 suut
294 2008 383 2062 fontes
402 2008 500 2075 liquidi
518 2012 602 2076 atque
621 2009 741 2061 exercita
759 2024 840 2060 eursu

93 2085 226 2151 illumina,
246 2100 295 2137 nee
313 2100 420 2136 somnos
439 2083 578 2151 abrumpit
594 2100 660 2136 eura
677 2082 799 2135 salubris.
910 2096 947 2136 see

93 2161 227 2229 Termera
244 2177 297 2213 non
316 2160 368 2213 alio
385 2159 482 2212 dieunt
499 2159 656 2225 regionibus
674 2157 727 2210 illis

94 2236 237 2300 eraesitas
256 2235 292 2288 ad
310 2252 387 2289 saera
404 2235 488 2288 boves
508 2234 627 2300 Iunonis,
647 2235 677 2287 et
694 2234 751 2286 uris

95 2311 240 2379 Inparibus
259 2311 355 2364 ductos
373 2310 429 2364 alta
447 2311 482 2363 ad
498 2309 613 2363 dorraria
631 2326 734 2362 currus

94 2387 165 2453 llrgo
184 2403 266 2454 aegre
284 2386 380 2439 rastris
399 2389 501 2439 terram
520 2386 662 2452 rimantur,
681 2387 711 2437 et
730 2385 794 2452 ipsis

93 2461 237 2528 Unguibus
254 2462 393 2514 infodiunt
411 2461 511 2527 fruges,
530 2460 685 2527 montisque
704 2477 753 2527 per
770 2460 841 2516 altos
908 2477 945 2516 sas

91 2537 229 2590 Contenta
248 2537 352 2590 cervice
371 2536 485 2589 trahunt
503 2535 649 2588 stridentia
667 2535 799 2604 plaustra.

91 2611 152 2663 Non
171 2611 251 2679 lupus
269 2611 381 2665 insidias
400 2612 524 2680 explorat
541 2611 622 2664 ovilia
641 2612 750 2678 circum,

91 2685 115 2736 N
119 2702 150 2738 ee
167 2687 297 2754 gregibus
315 2692 463 2741 nocturnus
480 2687 654 2752 obambulat3
673 2689 761 2741 aerior
778 2688 855 2743 illum

90 2756 165 2813 Cura
183 2760 289 2828 domat;
310 2759 400 2816 timidi
419 2762 543 2816 dammae
561 2764 689 2832 cervique
706 2762 817 2830 fugaces

90 2835 116 2885 N
119 2851 174 2887 une
190 2835 316 2907 interque
334 2855 414 2892 canes
432 2842 460 2892 et
478 2839 579 2892 circum
598 2843 672 2894 tecta
690 2842 833 2906 vagantur.
907 2854 943 2894 sao

90 2909 153 2959 lani
173 2913 253 2965 maris
273 2914 388 2967 inmensi
405 2914 509 2982 prolem
528 2918 557 2969 et
573 2932 659 2983 genus
674 2931 756 2967 omne
774 2918 916 2969 natantum

88 2983 189 3036 Litore
205 2987 233 3040 in
250 2995 380 3056 extremo,
398 3007 448 3044 eeu
465 2992 596 3060 naufraga
613 3007 734 3060 corpora,
753 2989 852 3045 fluetus

88 3055 215 3127 Proluit3
232 3065 356 3117 insolitae
374 3065 483 3133 fugiunt
500 3068 528 3120 in
546 3067 657 3120 flumina
675 3067 784 3134 phocae.

86 3129 195 3192 Interit
213 3141 242 3190 et
260 3140 348 3192 curris
365 3141 468 3195 frustra
485 3143 597 3196 defensa
614 3141 728 3196 latebris
