2032 3524
319 99 348 147 P.
372 98 520 145 vultum
539 98 703 147 MARONIS

78 180 119 232 M.
139 181 235 247 CogIte
254 180 318 247 onis,
336 180 431 247 pueri;
450 179 472 230 si
490 178 532 231 lac
549 178 722 247 praeceperit
741 185 840 247 aestus,

80 257 118 309 Ut
137 272 231 323 nuper,
250 255 353 308 frustra
371 255 555 323 pressabimus
574 255 660 308 ubera
678 256 782 324 palmis.

113 333 150 385 D.
161 333 231 395 lleu,
240 331 301 396 heu,
311 348 392 400 quam
397 330 490 399 pingui
496 347 587 384 macer
592 334 636 384 est
641 331 840 386 mihitaurusin
848 339 927 387 ervei

80 410 160 462 Idem
178 426 253 460 antor
272 408 386 460 exitium
405 407 496 473 pecori
514 408 674 476 pecorisque
693 410 831 477 magistre.
895 427 928 464 nn

48 503 61 511 “
79 486 120 538 M.
136 486 187 537 llis
194 490 270 538 certe
280 501 371 553 neque
380 500 456 535 amor
465 499 560 536 caussa
570 486 627 549 est;
637 485 682 536 vix
692 486 798 538 ossibus
808 486 930 540 haerent.

79 562 178 615 Nescio
196 561 256 629 quis
274 565 385 614 teneres
404 559 496 613 oculus
515 559 581 612 mihi
599 560 714 613 fascinat
733 578 829 629 agnos.

114 639 150 691 D.
168 638 226 705 Dic,
235 637 334 706 quibus
342 636 370 688 in
378 635 526 689 terris-et
534 635 589 688 eris
597 637 662 688 mihi
673 653 788 704 magnus
798 637 931 707 Apollo-

79 715 139 766 'l'ris
157 718 252 781 pateat
270 713 337 766 caeli
356 712 474 781 spatium
492 728 546 764 non
565 712 680 780 amplius
697 713 782 765 ulnas.
896 730 931 766 1oe

78 790 120 842 M.
140 790 198 856 Dic,
218 789 317 857 quibus
336 789 364 840 in
383 787 465 841 terris
484 788 608 856 inscripti
627 788 737 840 nomina
755 806 850 856 regum
936 804 942 814 ·

80 866 232 918 Nascantur
251 865 338 931 fiores,
357 868 386 917 et
406 863 529 930 Phyllida
547 864 619 917 solus
637 863 745 917 habeto.

114 942 150 994 P.
171 941 231 993 Non
250 943 373 994 nostrum
391 939 529 992 intervos
548 942 639 992 tantas
657 956 809 1009 conponere
828 940 898 993 lites.

80 1017 116 1069 llt
134 1017 219 1070 vitula
237 1020 269 1069 tu
287 1017 392 1084 dignus,
411 1019 440 1068 ct
458 1016 509 1082 hie,
528 1019 557 1068 et
575 1016 698 1084 quisquis
709 1027 822 1068 'amores

81 1095 139 1146 Aut
156 1095 263 1147 metuet
280 1092 373 1158 ducis,
392 1094 440 1144 ant
457 1091 617 1159 experietur
634 1109 746 1144 amaros.
904 1107 934 1145 no

80 1170 207 1224 Claudite
223 1170 277 1224 iam
295 1170 374 1236 rivos,
393 1168 485 1236 pueri:
504 1171 547 1221 sat
565 1172 646 1236 prata
662 1168 800 1222 biberunt.

362 1389 490 1447 ECLO
501 1389 529 1446 G
538 1391 569 1444 Α
595 1390 651 1445 IV.

435 1517 574 1566 POLLIO.

82 1633 228 1686 Siennmns
246 1631 349 1699 Musae,
367 1632 448 1699 paulo
466 1632 569 1685 maiora
586 1637 727 1687 canamus!

82 1710 143 1762 Non
161 1707 248 1761 omnis
265 1711 376 1761 arbusta
394 1708 487 1760 iuvant
505 1707 676 1775 humilesque
695 1708 828 1777 myrieae;

82 1785 111 1839 si
129 1785 249 1838 canimus
268 1784 356 1850 silvas,
375 1783 457 1836 silvae
476 1783 532 1835 sint
551 1783 667 1836 Consule
687 1784 792 1850 dignae.

116 1861 222 1915 Ultima
240 1860 348 1926 Cymaei
367 1860 442 1912 venit
459 1860 513 1911 iam
532 1859 660 1912 carminis
678 1863 768 1922 aotas;

82 1939 198 2005 Magnus
215 1935 250 1988 ab
268 1935 376 2002 integro
395 1936 542 1987 saeclorum
562 1935 683 1987 nascitur
701 1935 775 1987 ordo.
922 1949 934 1988 ⁵

84 2014 143 2066 lam
162 2012 236 2065 redit
254 2014 283 2064 et
302 2011 395 2078 Virg0,
414 2011 532 2063 redeunt
550 2011 679 2064 Saturnia
696 2027 796 2079 regna;

85 2091 144 2142 lam
161 2106 231 2142 nova
248 2088 393 2158 progenies
412 2088 487 2140 caelo
505 2087 662 2141 demittitur
681 2088 743 2141 alto.

83 2167 124 2219 'lu
141 2165 221 2219 modo
239 2163 361 2218 nascenti
380 2180 471 2230 puero,
490 2180 544 2231 quo
562 2164 652 2216 ferrea
670 2164 786 2230 primum

84 2234 197 2295 Desinet
215 2258 246 2294 ac
264 2243 322 2293 toto
341 2244 435 2305 surget
453 2256 519 2304 gens
539 2255 621 2290 aurea
639 2239 748 2301 mundo,

84 2319 166 2372 Casta
183 2318 243 2370 fave
263 2316 376 2368 Lucina:
396 2319 459 2367 tuus
477 2315 531 2365 iam
551 2316 648 2379 regnat
668 2313 773 2380 Apollo.
911 2329 935 2366 ιο

67 2394 176 2461 -Teque
194 2393 262 2445 adeo
281 2391 364 2443 decus
382 2389 432 2442 hoc
450 2390 516 2456 aevi,
534 2393 563 2442 te
583 2389 706 2456 Consule,
725 2388 812 2454 inibit,

85 2470 177 2536 Pollio,
196 2471 224 2521 et
242 2467 371 2533 incipient
389 2465 480 2532 magni
499 2466 647 2534 procedere
666 2481 805 2529 menses5·

84 2546 122 2598 'l'e
140 2545 216 2610 duce,
234 2544 257 2595 si
275 2559 329 2609 qua
347 2545 458 2594 manent
478 2542 586 2595 sceleris
605 2542 719 2608 vestigia
737 2541 831 2607 nostri,

86 2621 174 2674 Inrita
192 2622 325 2687 perpetua
342 2617 447 2670 solvent
466 2619 611 2671 formidine
629 2622 723 2671 terras.

86 2697 137 2749 Ille
156 2696 237 2748 deum
254 2695 338 2747 vitam
356 2695 470 2762 accipiet
489 2695 612 2762 divisque
624 2694 734 2748 n'debit
914 2703 937 2741 15

73 2773 239 2825 'Permixtas
257 2772 353 2824 heroas
371 2775 399 2824 et
417 2772 475 2840 ipse
494 2771 632 2824 videbitur
652 2771 711 2836 illis,

87 2849 271 2916 Paestumque
288 2852 367 2915 reget
384 2849 480 2917 patriis
499 2847 646 2900 virtutibus
665 2846 764 2898 orbem.

87 2926 127 2977 nt
145 2924 194 2976 tibi
212 2925 307 2991 prima,
324 2941 399 2992 puer,
418 2925 491 2976 nullo
511 2923 668 2975 muruiseula
687 2921 761 2974 cultu

87 3001 209 3053 lirrantis
227 3000 343 3054 hederas
360 3001 461 3067 passim
479 3015 541 3053 cum
559 2998 689 3052 baccharo
708 2996 789 3049 tellus

87 3077 228 3143 Mixtaque
246 3077 348 3130 ridenti
366 3077 496 3150 colocasia
513 3075 611 3128 fundet
627 3060 750 3126 'acantho
914 3082 937 3121 ao

88 3153 168 3222 Ipsae
187 3153 256 3206 lacte
275 3152 385 3208 domum
404 3154 523 3204 referent
543 3150 663 3202 distenta
681 3145 800 3214 capellae
