<?xml version="1.0" encoding="UTF-8"?>
<!DOCTYPE html PUBLIC "-//W3C//DTD XHTML 1.0 Transitional//EN"
    "http://www.w3.org/TR/xhtml1/DTD/xhtml1-transitional.dtd">
<html xmlns="http://www.w3.org/1999/xhtml" xml:lang="en" lang="en">
 <head>
  <title>
</title>
<meta http-equiv="Content-Type" content="text/html;charset=utf-8" />
  <meta name='ocr-system' content='tesseract 3.04.00' />
  <meta name='ocr-capabilities' content='ocr_page ocr_carea ocr_par ocr_line ocrx_word'/>
</head>
<body>
  <div class='ocr_page' id='page_1' title='image "./publivergilimar01virggoog/publivergilimar01virggoog_0213.png"; bbox 0 0 2032 3524; ppageno 0'>
   <div class='ocr_carea' id='block_1_1' title="bbox 82 118 699 175">
    <p class='ocr_par' dir='ltr' id='par_1_1' title="bbox 82 118 699 175">
     <span class='ocr_line' id='line_1_1' title="bbox 82 118 699 175; baseline -0.01 0"><span class='ocrx_word' id='word_1_1' title='bbox 82 127 129 175; x_wconf 72' lang='lat'>202</span> <span class='ocrx_word' id='word_1_2' title='bbox 314 122 343 171; x_wconf 87' lang='grc' dir='ltr'>Ρ.</span> <span class='ocrx_word' id='word_1_3' title='bbox 362 120 515 169; x_wconf 72' lang='lat' dir='ltr'>vultum</span> <span class='ocrx_word' id='word_1_4' title='bbox 533 118 699 169; x_wconf 70' lang='lat' dir='ltr'>Manoxls</span> 
     </span>
    </p>
   </div>
   <div class='ocr_carea' id='block_1_2' title="bbox 53 198 946 3245">
    <p class='ocr_par' dir='ltr' id='par_1_2' title="bbox 53 198 946 3245">
     <span class='ocr_line' id='line_1_2' title="bbox 78 198 795 269; baseline -0.004 -10"><span class='ocrx_word' id='word_1_5' title='bbox 78 208 239 259; x_wconf 73' lang='lat' dir='ltr'>Com-retum</span> <span class='ocrx_word' id='word_1_6' title='bbox 257 202 359 257; x_wconf 80' lang='lat' dir='ltr'>exemit</span> <span class='ocrx_word' id='word_1_7' title='bbox 375 201 473 267; x_wconf 87' lang='lat' dir='ltr'>labem,</span> <span class='ocrx_word' id='word_1_8' title='bbox 491 216 646 269; x_wconf 82' lang='lat' dir='ltr'>purumque</span> <span class='ocrx_word' id='word_1_9' title='bbox 663 198 795 269; x_wconf 70' lang='lat' dir='ltr'>relinquit</span> 
     </span>
     <span class='ocr_line' id='line_1_3' title="bbox 79 275 829 347; baseline -0.003 -12"><span class='ocrx_word' id='word_1_10' title='bbox 79 281 240 335; x_wconf 60' lang='lat' dir='ltr'>:luthorium</span> <span class='ocrx_word' id='word_1_11' title='bbox 258 296 367 333; x_wconf 77' lang='lat' dir='ltr'>seruum</span> <span class='ocrx_word' id='word_1_12' title='bbox 385 286 469 347; x_wconf 71' lang='lat' dir='ltr'>utique</span> <span class='ocrx_word' id='word_1_13' title='bbox 486 277 562 329; x_wconf 78' lang='lat' dir='ltr'>aurai</span> <span class='ocrx_word' id='word_1_14' title='bbox 580 275 710 345; x_wconf 80' lang='lat' dir='ltr'>simplicis</span> <span class='ocrx_word' id='word_1_15' title='bbox 726 276 829 344; x_wconf 75' lang='lat' dir='ltr'>iguem.</span> 
     </span>
     <span class='ocr_line' id='line_1_4' title="bbox 79 353 823 423; baseline -0.007 -11"><span class='ocrx_word' id='word_1_16' title='bbox 79 358 137 412; x_wconf 76' lang='lat' dir='ltr'>llas</span> <span class='ocrx_word' id='word_1_17' title='bbox 156 358 250 419; x_wconf 82' lang='lat' dir='ltr'>oriruis,</span> <span class='ocrx_word' id='word_1_18' title='bbox 268 356 314 408; x_wconf 87' lang='lat' dir='ltr'>nbi</span> <span class='ocrx_word' id='word_1_19' title='bbox 333 354 407 408; x_wconf 91' lang='lat' dir='ltr'>mille</span> <span class='ocrx_word' id='word_1_20' title='bbox 425 360 513 408; x_wconf 81' lang='lat' dir='ltr'>rotam</span> <span class='ocrx_word' id='word_1_21' title='bbox 533 353 642 407; x_wconf 77' lang='lat' dir='ltr'>reluere</span> <span class='ocrx_word' id='word_1_22' title='bbox 660 368 823 423; x_wconf 77' lang='lat' dir='ltr'>perennes,</span> 
     </span>
     <span class='ocr_line' id='line_1_5' title="bbox 78 431 865 498; baseline -0.005 -12"><span class='ocrx_word' id='word_1_23' title='bbox 78 434 228 486; x_wconf 72' lang='lat' dir='ltr'>hetliaoum</span> <span class='ocrx_word' id='word_1_24' title='bbox 247 433 282 484; x_wconf 89' lang='lat' dir='ltr'>a·.l</span> <span class='ocrx_word' id='word_1_25' title='bbox 301 432 410 484; x_wconf 82' lang='lat' dir='ltr'>fluvium</span> <span class='ocrx_word' id='word_1_26' title='bbox 429 431 497 484; x_wconf 72' lang='lat' dir='ltr'>olous</span> <span class='ocrx_word' id='word_1_27' title='bbox 515 434 611 484; x_wconf 61' lang='lat' dir='ltr'>evocat</span> <span class='ocrx_word' id='word_1_28' title='bbox 628 431 738 498; x_wconf 73' lang='lat' dir='ltr'>agmine</span> <span class='ocrx_word' id='word_1_29' title='bbox 754 445 865 497; x_wconf 77' lang='lat' dir='ltr'>niagno,</span> 
     </span>
     <span class='ocr_line' id='line_1_6' title="bbox 77 507 935 576; baseline -0.001 -16"><span class='ocrx_word' id='word_1_30' title='bbox 77 511 186 562; x_wconf 66' lang='lat' dir='ltr'>Scilicet</span> <span class='ocrx_word' id='word_1_31' title='bbox 203 511 365 562; x_wconf 74' lang='lat' dir='ltr'>inmemores</span> <span class='ocrx_word' id='word_1_32' title='bbox 383 525 482 576; x_wconf 84' lang='lat' dir='ltr'>supera</span> <span class='ocrx_word' id='word_1_33' title='bbox 499 514 532 561; x_wconf 91' lang='lat' dir='ltr'>ut</span> <span class='ocrx_word' id='word_1_34' title='bbox 549 523 671 560; x_wconf 76' lang='lat' dir='ltr'>convexa</span> <span class='ocrx_word' id='word_1_35' title='bbox 688 507 811 559; x_wconf 85' lang='lat' dir='ltr'>revisant</span> <span class='ocrx_word' id='word_1_36' title='bbox 898 520 935 561; x_wconf 77' lang='lat' dir='ltr'>rue</span> 
     </span>
     <span class='ocr_line' id='line_1_7' title="bbox 78 582 770 651; baseline 0 -14"><span class='ocrx_word' id='word_1_37' title='bbox 78 586 183 638; x_wconf 71' lang='lat' dir='ltr'>limans</span> <span class='ocrx_word' id='word_1_38' title='bbox 200 594 229 637; x_wconf 93' lang='lat' dir='ltr'>et</span> <span class='ocrx_word' id='word_1_39' title='bbox 247 585 377 651; x_wconf 79' lang='lat' dir='ltr'>incipiant</span> <span class='ocrx_word' id='word_1_40' title='bbox 396 585 423 636; x_wconf 89' lang='lat' dir='ltr'>iu</span> <span class='ocrx_word' id='word_1_41' title='bbox 441 602 554 651; x_wconf 69' lang='lat' dir='ltr'>torpori</span> <span class='ocrx_word' id='word_1_42' title='bbox 573 584 642 637; x_wconf 86' lang='lat' dir='ltr'>relle</span> <span class='ocrx_word' id='word_1_43' title='bbox 659 582 770 637; x_wconf 82' lang='lat' dir='ltr'>reverti.</span> 
     </span>
     <span class='ocr_line' id='line_1_8' title="bbox 115 658 835 729; baseline 0 -16"><span class='ocrx_word' id='word_1_44' title='bbox 115 662 227 714; x_wconf 78' lang='lat' dir='ltr'>llirerat</span> <span class='ocrx_word' id='word_1_45' title='bbox 246 661 386 725; x_wconf 76' lang='lat' dir='ltr'>Anchises,</span> <span class='ocrx_word' id='word_1_46' title='bbox 406 674 556 729; x_wconf 84' lang='lat' dir='ltr'>natumque</span> <span class='ocrx_word' id='word_1_47' title='bbox 575 676 684 728; x_wconf 82' lang='lat' dir='ltr'>unaque</span> <span class='ocrx_word' id='word_1_48' title='bbox 701 658 835 729; x_wconf 76' lang='lat' dir='ltr'><strong>Sibyllam</strong></span> 
     </span>
     <span class='ocr_line' id='line_1_9' title="bbox 78 736 859 804; baseline -0.003 -13"><span class='ocrx_word' id='word_1_49' title='bbox 78 738 234 791; x_wconf 74' lang='lat' dir='ltr'>Conventus</span> <span class='ocrx_word' id='word_1_50' title='bbox 251 736 337 789; x_wconf 80' lang='lat' dir='ltr'>trahit</span> <span class='ocrx_word' id='word_1_51' title='bbox 355 737 382 788; x_wconf 91' lang='lat' dir='ltr'>in</span> <span class='ocrx_word' id='word_1_52' title='bbox 402 737 506 789; x_wconf 65' lang='lat' dir='ltr'>mealios</span> <span class='ocrx_word' id='word_1_53' title='bbox 524 736 689 804; x_wconf 75' lang='lat' dir='ltr'><strong>turbamque</strong></span> <span class='ocrx_word' id='word_1_54' title='bbox 707 740 859 803; x_wconf 79' lang='lat' dir='ltr'>sonantem,</span> 
     </span>
     <span class='ocr_line' id='line_1_10' title="bbox 78 811 883 882; baseline 0.001 -17"><span class='ocrx_word' id='word_1_55' title='bbox 78 814 113 867; x_wconf 80' lang='lat' dir='ltr'>Et</span> <span class='ocrx_word' id='word_1_56' title='bbox 132 813 266 866; x_wconf 86' lang='lat' dir='ltr'>trmmlum</span> <span class='ocrx_word' id='word_1_57' title='bbox 285 813 366 881; x_wconf 79' lang='lat' dir='ltr'>eupit,</span> <span class='ocrx_word' id='word_1_58' title='bbox 385 813 459 866; x_wconf 81' lang='lat' dir='ltr'>unde</span> <span class='ocrx_word' id='word_1_59' title='bbox 477 813 564 865; x_wconf 83' lang='lat' dir='ltr'>omnis</span> <span class='ocrx_word' id='word_1_60' title='bbox 581 812 662 880; x_wconf 79' lang='lat' dir='ltr'>longo</span> <span class='ocrx_word' id='word_1_61' title='bbox 680 811 777 867; x_wconf 84' lang='lat' dir='ltr'>ordine</span> <span class='ocrx_word' id='word_1_62' title='bbox 792 812 883 882; x_wconf 66' lang='lat' dir='ltr'>poian</span> 
     </span>
     <span class='ocr_line' id='line_1_11' title="bbox 78 887 934 957; baseline 0.002 -15"><span class='ocrx_word' id='word_1_63' title='bbox 78 890 216 943; x_wconf 78' lang='lat' dir='ltr'>Adversus</span> <span class='ocrx_word' id='word_1_64' title='bbox 235 890 333 957; x_wconf 81' lang='lat' dir='ltr'>legere,</span> <span class='ocrx_word' id='word_1_65' title='bbox 351 894 380 942; x_wconf 90' lang='lat' dir='ltr'>et</span> <span class='ocrx_word' id='word_1_66' title='bbox 398 890 553 941; x_wconf 81' lang='lat' dir='ltr'>venientum</span> <span class='ocrx_word' id='word_1_67' title='bbox 572 889 678 942; x_wconf 77' lang='lat' dir='ltr'>discere</span> <span class='ocrx_word' id='word_1_68' title='bbox 695 887 794 943; x_wconf 79' lang='lat' dir='ltr'>vultus.</span> <span class='ocrx_word' id='word_1_69' title='bbox 898 902 934 944; x_wconf 68' lang='grc' dir='ltr'>πο</span> 
     </span>
     <span class='ocr_line' id='line_1_12' title="bbox 112 963 934 1033; baseline 0.001 -15"><span class='ocrx_word' id='word_1_70' title='bbox 112 966 191 1018; x_wconf 77' lang='lat' dir='ltr'>Nune</span> <span class='ocrx_word' id='word_1_71' title='bbox 209 982 266 1032; x_wconf 83' lang='lat' dir='ltr'>age,</span> <span class='ocrx_word' id='word_1_72' title='bbox 287 966 450 1017; x_wconf 73' lang='lat' dir='ltr'>llarrlauiam</span> <span class='ocrx_word' id='word_1_73' title='bbox 469 965 573 1033; x_wconf 82' lang='lat' dir='ltr'>prolem</span> <span class='ocrx_word' id='word_1_74' title='bbox 591 981 661 1031; x_wconf 84' lang='lat' dir='ltr'>quae</span> <span class='ocrx_word' id='word_1_75' title='bbox 678 963 779 1017; x_wconf 84' lang='lat' dir='ltr'>deinde</span> <span class='ocrx_word' id='word_1_76' title='bbox 800 970 934 1033; x_wconf 77' lang='lat' dir='ltr'>sequatur</span> 
     </span>
     <span class='ocr_line' id='line_1_13' title="bbox 78 1040 773 1110; baseline -0.004 -15"><span class='ocrx_word' id='word_1_77' title='bbox 78 1042 178 1107; x_wconf 83' lang='lat' dir='ltr'>Gloria,</span> <span class='ocrx_word' id='word_1_78' title='bbox 197 1043 244 1110; x_wconf 88' lang='lat' dir='ltr'>qni</span> <span class='ocrx_word' id='word_1_79' title='bbox 263 1052 390 1094; x_wconf 84' lang='lat' dir='ltr'>maneant</span> <span class='ocrx_word' id='word_1_80' title='bbox 410 1040 480 1093; x_wconf 78' lang='lat' dir='ltr'>ltnla</span> <span class='ocrx_word' id='word_1_81' title='bbox 498 1040 634 1108; x_wconf 83' lang='lat' dir='ltr'>degente</span> <span class='ocrx_word' id='word_1_82' title='bbox 651 1044 773 1108; x_wconf 86' lang='lat' dir='ltr'>nepotes,</span> 
     </span>
     <span class='ocr_line' id='line_1_14' title="bbox 79 1116 793 1185; baseline -0.003 -14"><span class='ocrx_word' id='word_1_83' title='bbox 79 1119 206 1171; x_wconf 82' lang='lat' dir='ltr'>Inlustris</span> <span class='ocrx_word' id='word_1_84' title='bbox 224 1120 327 1170; x_wconf 85' lang='lat' dir='ltr'>anirnas</span> <span class='ocrx_word' id='word_1_85' title='bbox 344 1130 521 1184; x_wconf 82' lang='lat' dir='ltr'>nostrumque</span> <span class='ocrx_word' id='word_1_86' title='bbox 538 1118 567 1169; x_wconf 92' lang='lat' dir='ltr'>in</span> <span class='ocrx_word' id='word_1_87' title='bbox 584 1133 682 1169; x_wconf 88' lang='lat' dir='ltr'>nomen</span> <span class='ocrx_word' id='word_1_88' title='bbox 698 1116 793 1185; x_wconf 78' lang='lat' dir='ltr'>iturus,</span> 
     </span>
     <span class='ocr_line' id='line_1_15' title="bbox 79 1192 699 1263; baseline 0 -17"><span class='ocrx_word' id='word_1_89' title='bbox 79 1195 229 1263; x_wconf 78' lang='lat' dir='ltr'>ilrpediam</span> <span class='ocrx_word' id='word_1_90' title='bbox 248 1195 336 1258; x_wconf 84' lang='lat' dir='ltr'>dietis,</span> <span class='ocrx_word' id='word_1_91' title='bbox 355 1200 385 1247; x_wconf 91' lang='lat' dir='ltr'>et</span> <span class='ocrx_word' id='word_1_92' title='bbox 402 1198 431 1246; x_wconf 88' lang='lat' dir='ltr'>te</span> <span class='ocrx_word' id='word_1_93' title='bbox 449 1198 496 1247; x_wconf 84' lang='lat' dir='ltr'>tna</span> <span class='ocrx_word' id='word_1_94' title='bbox 513 1194 572 1246; x_wconf 82' lang='lat' dir='ltr'>latu</span> <span class='ocrx_word' id='word_1_95' title='bbox 589 1192 699 1247; x_wconf 78' lang='lat' dir='ltr'><strong>docebo.</strong></span> 
     </span>
     <span class='ocr_line' id='line_1_16' title="bbox 80 1269 934 1338; baseline 0.005 -17"><span class='ocrx_word' id='word_1_96' title='bbox 80 1271 137 1333; x_wconf 87' lang='lat' dir='ltr'>Ille,</span> <span class='ocrx_word' id='word_1_97' title='bbox 157 1271 240 1335; x_wconf 78' lang='lat' dir='ltr'>vides,</span> <span class='ocrx_word' id='word_1_98' title='bbox 259 1287 328 1338; x_wconf 81' lang='lat' dir='ltr'>pura</span> <span class='ocrx_word' id='word_1_99' title='bbox 346 1270 450 1322; x_wconf 78' lang='lat' dir='ltr'>iuvenis</span> <span class='ocrx_word' id='word_1_100' title='bbox 468 1270 515 1338; x_wconf 90' lang='lat' dir='ltr'>qui</span> <span class='ocrx_word' id='word_1_101' title='bbox 532 1270 630 1323; x_wconf 86' lang='lat' dir='ltr'>nititur</span> <span class='ocrx_word' id='word_1_102' title='bbox 645 1269 733 1329; x_wconf 73' lang='lat' dir='ltr'>hosta,</span> <span class='ocrx_word' id='word_1_103' title='bbox 897 1284 934 1325; x_wconf 72' lang='lat'>⁷0)</span> 
     </span>
     <span class='ocr_line' id='line_1_17' title="bbox 81 1344 845 1415; baseline 0.004 -18"><span class='ocrx_word' id='word_1_104' title='bbox 81 1347 214 1399; x_wconf 82' lang='lat' dir='ltr'>l&#39;roxuma</span> <span class='ocrx_word' id='word_1_105' title='bbox 232 1352 306 1398; x_wconf 88' lang='lat' dir='ltr'>sorte</span> <span class='ocrx_word' id='word_1_106' title='bbox 324 1349 401 1398; x_wconf 84' lang='lat' dir='ltr'>tenet</span> <span class='ocrx_word' id='word_1_107' title='bbox 419 1345 486 1398; x_wconf 82' lang='lat' dir='ltr'>lueis</span> <span class='ocrx_word' id='word_1_108' title='bbox 504 1346 569 1411; x_wconf 80' lang='lat' dir='ltr'>loca,</span> <span class='ocrx_word' id='word_1_109' title='bbox 588 1346 690 1415; x_wconf 85' lang='lat' dir='ltr'>primus</span> <span class='ocrx_word' id='word_1_110' title='bbox 707 1344 745 1399; x_wconf 81' lang='lat' dir='ltr'>ud</span> <span class='ocrx_word' id='word_1_111' title='bbox 761 1360 845 1400; x_wconf 76' lang='lat' dir='ltr'>eurus</span> 
     </span>
     <span class='ocr_line' id='line_1_18' title="bbox 80 1421 768 1489; baseline 0.003 -16"><span class='ocrx_word' id='word_1_112' title='bbox 80 1422 226 1474; x_wconf 65' lang='lat' dir='ltr'>Aetherias</span> <span class='ocrx_word' id='word_1_113' title='bbox 246 1421 317 1474; x_wconf 83' lang='lat' dir='ltr'>Italo</span> <span class='ocrx_word' id='word_1_114' title='bbox 335 1422 497 1474; x_wconf 80' lang='lat' dir='ltr'>commixtus</span> <span class='ocrx_word' id='word_1_115' title='bbox 516 1422 647 1489; x_wconf 78' lang='lat' dir='ltr'>sanguine</span> <span class='ocrx_word' id='word_1_116' title='bbox 664 1424 768 1489; x_wconf 77' lang='lat' dir='ltr'>surget,</span> 
     </span>
     <span class='ocr_line' id='line_1_19' title="bbox 78 1496 792 1566; baseline 0.007 -20"><span class='ocrx_word' id='word_1_117' title='bbox 78 1498 184 1563; x_wconf 71' lang='lat' dir='ltr'>Silvius,</span> <span class='ocrx_word' id='word_1_118' title='bbox 204 1496 341 1549; x_wconf 85' lang='lat' dir='ltr'>Albanum</span> <span class='ocrx_word' id='word_1_119' title='bbox 360 1515 465 1562; x_wconf 84' lang='lat' dir='ltr'>nomen,</span> <span class='ocrx_word' id='word_1_120' title='bbox 485 1504 533 1551; x_wconf 80' lang='lat' dir='ltr'>tim</span> <span class='ocrx_word' id='word_1_121' title='bbox 550 1503 676 1566; x_wconf 69' lang='lat' dir='ltr'>liostnme</span> <span class='ocrx_word' id='word_1_122' title='bbox 692 1496 792 1566; x_wconf 84' lang='lat' dir='ltr'>proles,</span> 
     </span>
     <span class='ocr_line' id='line_1_20' title="bbox 79 1572 762 1639; baseline 0.01 -19"><span class='ocrx_word' id='word_1_123' title='bbox 79 1578 165 1635; x_wconf 60' lang='lat' dir='ltr'>(loom</span> <span class='ocrx_word' id='word_1_124' title='bbox 184 1572 235 1625; x_wconf 91' lang='lat' dir='ltr'>tibi</span> <span class='ocrx_word' id='word_1_125' title='bbox 254 1572 385 1639; x_wconf 77' lang='lat' dir='ltr'>longaevo</span> <span class='ocrx_word' id='word_1_126' title='bbox 405 1591 495 1626; x_wconf 81' lang='lat' dir='ltr'>serum</span> <span class='ocrx_word' id='word_1_127' title='bbox 517 1574 629 1627; x_wconf 78' lang='lat' dir='ltr'>lavinia</span> <span class='ocrx_word' id='word_1_128' title='bbox 645 1575 762 1628; x_wconf 80' lang='lat' dir='ltr'>eeniunx</span> 
     </span>
     <span class='ocr_line' id='line_1_21' title="bbox 79 1648 935 1719; baseline 0.006 -20"><span class='ocrx_word' id='word_1_129' title='bbox 79 1648 186 1703; x_wconf 70' lang='lat' dir='ltr'>inlucet</span> <span class='ocrx_word' id='word_1_130' title='bbox 203 1648 277 1701; x_wconf 84' lang='lat' dir='ltr'>silvis</span> <span class='ocrx_word' id='word_1_131' title='bbox 296 1666 388 1716; x_wconf 79' lang='lat' dir='ltr'>regem</span> <span class='ocrx_word' id='word_1_132' title='bbox 408 1667 558 1717; x_wconf 80' lang='lat' dir='ltr'>regumque</span> <span class='ocrx_word' id='word_1_133' title='bbox 576 1653 725 1719; x_wconf 80' lang='lat' dir='ltr'>parentem,</span> <span class='ocrx_word' id='word_1_134' title='bbox 898 1664 935 1709; x_wconf 69' lang='lat' dir='ltr'>m</span> 
     </span>
     <span class='ocr_line' id='line_1_22' title="bbox 81 1723 822 1793; baseline 0.008 -18"><span class='ocrx_word' id='word_1_135' title='bbox 81 1724 158 1777; x_wconf 64' lang='lat' dir='ltr'>llmle</span> <span class='ocrx_word' id='word_1_136' title='bbox 176 1741 262 1793; x_wconf 82' lang='lat' dir='ltr'>genus</span> <span class='ocrx_word' id='word_1_137' title='bbox 282 1725 376 1792; x_wconf 86' lang='lat' dir='ltr'>Longa</span> <span class='ocrx_word' id='word_1_138' title='bbox 394 1732 516 1779; x_wconf 90' lang='lat' dir='ltr'>nostrum</span> <span class='ocrx_word' id='word_1_139' title='bbox 535 1726 722 1780; x_wconf 74' lang='lat' dir='ltr'>dominabitur</span> <span class='ocrx_word' id='word_1_140' title='bbox 740 1723 822 1781; x_wconf 75' lang='lat' dir='ltr'>Albo</span> 
     </span>
     <span class='ocr_line' id='line_1_23' title="bbox 81 1800 788 1869; baseline 0.004 -19"><span class='ocrx_word' id='word_1_141' title='bbox 81 1800 230 1854; x_wconf 79' lang='lat' dir='ltr'>Proxumus</span> <span class='ocrx_word' id='word_1_142' title='bbox 248 1801 293 1854; x_wconf 91' lang='lat' dir='ltr'>ille</span> <span class='ocrx_word' id='word_1_143' title='bbox 313 1802 419 1867; x_wconf 80' lang='lat' dir='ltr'>Procas,</span> <span class='ocrx_word' id='word_1_144' title='bbox 440 1802 570 1855; x_wconf 85' lang='lat' dir='ltr'>Troianae</span> <span class='ocrx_word' id='word_1_145' title='bbox 588 1802 674 1869; x_wconf 79' lang='lat' dir='ltr'>gloria</span> <span class='ocrx_word' id='word_1_146' title='bbox 689 1800 788 1869; x_wconf 80' lang='lat' dir='ltr'>gentis,</span> 
     </span>
     <span class='ocr_line' id='line_1_24' title="bbox 79 1876 842 1945; baseline 0.01 -18"><span class='ocrx_word' id='word_1_147' title='bbox 79 1876 114 1928; x_wconf 72' lang='lat' dir='ltr'>lit</span> <span class='ocrx_word' id='word_1_148' title='bbox 134 1880 228 1944; x_wconf 74' lang='lat' dir='ltr'>Capys,</span> <span class='ocrx_word' id='word_1_149' title='bbox 248 1882 276 1930; x_wconf 84' lang='lat' dir='ltr'>et</span> <span class='ocrx_word' id='word_1_150' title='bbox 295 1878 430 1943; x_wconf 76' lang='lat' dir='ltr'>Numitor,</span> <span class='ocrx_word' id='word_1_151' title='bbox 451 1882 479 1930; x_wconf 84' lang='lat' dir='ltr'>et</span> <span class='ocrx_word' id='word_1_152' title='bbox 498 1880 544 1945; x_wconf 86' lang='lat' dir='ltr'>qni</span> <span class='ocrx_word' id='word_1_153' title='bbox 562 1883 592 1932; x_wconf 87' lang='lat' dir='ltr'>to</span> <span class='ocrx_word' id='word_1_154' title='bbox 609 1878 719 1931; x_wconf 85' lang='lat' dir='ltr'>nomine</span> <span class='ocrx_word' id='word_1_155' title='bbox 737 1877 842 1935; x_wconf 75' lang='lat' dir='ltr'>reddet</span> 
     </span>
     <span class='ocr_line' id='line_1_25' title="bbox 78 1952 718 2023; baseline 0.009 -22"><span class='ocrx_word' id='word_1_156' title='bbox 78 1952 176 2005; x_wconf 76' lang='lat' dir='ltr'>sin-ins</span> <span class='ocrx_word' id='word_1_157' title='bbox 196 1957 312 2019; x_wconf 76' lang='lat' dir='ltr'>Aeneas,</span> <span class='ocrx_word' id='word_1_158' title='bbox 332 1956 436 2023; x_wconf 70' lang='lat' dir='ltr'>[ariter</span> <span class='ocrx_word' id='word_1_159' title='bbox 454 1955 557 2022; x_wconf 82' lang='lat' dir='ltr'>pietate</span> <span class='ocrx_word' id='word_1_160' title='bbox 575 1953 619 2007; x_wconf 79' lang='lat' dir='ltr'>vel</span> <span class='ocrx_word' id='word_1_161' title='bbox 635 1954 718 2007; x_wconf 81' lang='lat' dir='ltr'>armis</span> 
     </span>
     <span class='ocr_line' id='line_1_26' title="bbox 79 2028 938 2099; baseline 0.01 -20"><span class='ocrx_word' id='word_1_162' title='bbox 79 2028 219 2096; x_wconf 72' lang='lat' dir='ltr'>Egregios,</span> <span class='ocrx_word' id='word_1_163' title='bbox 232 2032 252 2083; x_wconf 82' lang='lat' dir='ltr'>si</span> <span class='ocrx_word' id='word_1_164' title='bbox 267 2049 393 2099; x_wconf 83' lang='lat' dir='ltr'>nmqmun</span> <span class='ocrx_word' id='word_1_165' title='bbox 408 2031 574 2098; x_wconf 79' lang='lat' dir='ltr'>regnandam</span> <span class='ocrx_word' id='word_1_166' title='bbox 587 2029 724 2098; x_wconf 74' lang='lat' dir='ltr'>acceperit</span> <span class='ocrx_word' id='word_1_167' title='bbox 736 2028 849 2088; x_wconf 75' lang='lat' dir='ltr'>Albm.</span> <span class='ocrx_word' id='word_1_168' title='bbox 899 2048 938 2093; x_wconf 80' lang='grc' dir='ltr'>πο</span> 
     </span>
     <span class='ocr_line' id='line_1_27' title="bbox 79 2104 781 2175; baseline 0.009 -20"><span class='ocrx_word' id='word_1_169' title='bbox 79 2107 130 2168; x_wconf 77' lang='lat' dir='ltr'>Qui</span> <span class='ocrx_word' id='word_1_170' title='bbox 148 2107 271 2162; x_wconf 82' lang='lat' dir='ltr'>iuvenes!</span> <span class='ocrx_word' id='word_1_171' title='bbox 291 2114 407 2175; x_wconf 83' lang='lat' dir='ltr'>qnmrtas</span> <span class='ocrx_word' id='word_1_172' title='bbox 426 2112 572 2175; x_wconf 82' lang='lat' dir='ltr'>ostentant,</span> <span class='ocrx_word' id='word_1_173' title='bbox 591 2107 689 2175; x_wconf 83' lang='lat' dir='ltr'>ospioe,</span> <span class='ocrx_word' id='word_1_174' title='bbox 706 2104 781 2174; x_wconf 82' lang='lat' dir='ltr'>viris,</span> 
     </span>
     <span class='ocr_line' id='line_1_28' title="bbox 79 2183 799 2252; baseline 0.006 -18"><span class='ocrx_word' id='word_1_175' title='bbox 79 2183 173 2252; x_wconf 82' lang='lat' dir='ltr'>Atque</span> <span class='ocrx_word' id='word_1_176' title='bbox 192 2184 318 2238; x_wconf 76' lang='lat' dir='ltr'>umbrata</span> <span class='ocrx_word' id='word_1_177' title='bbox 334 2191 434 2252; x_wconf 83' lang='lat' dir='ltr'>gerunt</span> <span class='ocrx_word' id='word_1_178' title='bbox 450 2184 521 2238; x_wconf 82' lang='lat' dir='ltr'>civili</span> <span class='ocrx_word' id='word_1_179' title='bbox 538 2187 662 2252; x_wconf 81' lang='lat' dir='ltr'>tempora</span> <span class='ocrx_word' id='word_1_180' title='bbox 679 2186 799 2250; x_wconf 84' lang='lat' dir='ltr'>quereul</span> 
     </span>
     <span class='ocr_line' id='line_1_29' title="bbox 79 2257 874 2331; baseline 0.003 -21"><span class='ocrx_word' id='word_1_181' title='bbox 79 2258 117 2310; x_wconf 93' lang='lat' dir='ltr'>lli</span> <span class='ocrx_word' id='word_1_182' title='bbox 135 2259 185 2312; x_wconf 88' lang='lat' dir='ltr'>tibi</span> <span class='ocrx_word' id='word_1_183' title='bbox 204 2261 370 2314; x_wconf 82' lang='lat' dir='ltr'>Nomentum</span> <span class='ocrx_word' id='word_1_184' title='bbox 389 2266 417 2315; x_wconf 84' lang='lat' dir='ltr'>et</span> <span class='ocrx_word' id='word_1_185' title='bbox 436 2261 536 2315; x_wconf 78' lang='lat' dir='ltr'>Gabios</span> <span class='ocrx_word' id='word_1_186' title='bbox 554 2260 706 2327; x_wconf 80' lang='lat' dir='ltr'>urbemque</span> <span class='ocrx_word' id='word_1_187' title='bbox 724 2257 874 2331; x_wconf 73' lang='lat' dir='ltr'>Fidenam,</span> 
     </span>
     <span class='ocr_line' id='line_1_30' title="bbox 79 2333 685 2404; baseline 0.008 -19"><span class='ocrx_word' id='word_1_188' title='bbox 79 2333 117 2386; x_wconf 94' lang='lat' dir='ltr'>lli</span> <span class='ocrx_word' id='word_1_189' title='bbox 137 2336 283 2389; x_wconf 84' lang='lat' dir='ltr'>Collatinas</span> <span class='ocrx_word' id='word_1_190' title='bbox 300 2338 430 2404; x_wconf 83' lang='lat' dir='ltr'>inponent</span> <span class='ocrx_word' id='word_1_191' title='bbox 447 2337 583 2391; x_wconf 88' lang='lat' dir='ltr'>montibus</span> <span class='ocrx_word' id='word_1_192' title='bbox 601 2352 685 2401; x_wconf 81' lang='lat' dir='ltr'>arces,</span> 
     </span>
     <span class='ocr_line' id='line_1_31' title="bbox 53 2410 941 2482; baseline 0.015 -26"><span class='ocrx_word' id='word_1_193' title='bbox 53 2442 61 2456; x_wconf 85' lang='grc'><strong><em>,</em></strong></span> <span class='ocrx_word' id='word_1_194' title='bbox 79 2411 215 2462; x_wconf 84' lang='lat' dir='ltr'>Pometios</span> <span class='ocrx_word' id='word_1_195' title='bbox 235 2412 416 2478; x_wconf 80' lang='lat' dir='ltr'>Castrumque</span> <span class='ocrx_word' id='word_1_196' title='bbox 436 2414 497 2467; x_wconf 89' lang='lat' dir='ltr'>Inui</span> <span class='ocrx_word' id='word_1_197' title='bbox 517 2413 669 2482; x_wconf 80' lang='lat' dir='ltr'>Bolamque</span> <span class='ocrx_word' id='word_1_198' title='bbox 687 2410 855 2481; x_wconf 72' lang='lat' dir='ltr'>Coramque.</span> <span class='ocrx_word' id='word_1_199' title='bbox 901 2432 941 2475; x_wconf 79' lang='lat' dir='ltr'>m</span> 
     </span>
     <span class='ocr_line' id='line_1_32' title="bbox 79 2486 924 2555; baseline 0.011 -19"><span class='ocrx_word' id='word_1_200' title='bbox 79 2486 155 2536; x_wconf 87' lang='lat' dir='ltr'>llaee</span> <span class='ocrx_word' id='word_1_201' title='bbox 168 2488 226 2536; x_wconf 87' lang='lat' dir='ltr'>tum</span> <span class='ocrx_word' id='word_1_202' title='bbox 239 2486 348 2538; x_wconf 88' lang='lat' dir='ltr'>nomina</span> <span class='ocrx_word' id='word_1_203' title='bbox 361 2493 449 2555; x_wconf 88' lang='lat' dir='ltr'>erunt,</span> <span class='ocrx_word' id='word_1_204' title='bbox 463 2506 533 2542; x_wconf 89' lang='lat' dir='ltr'>nune</span> <span class='ocrx_word' id='word_1_205' title='bbox 546 2493 610 2543; x_wconf 82' lang='lat' dir='ltr'>sunt</span> <span class='ocrx_word' id='word_1_206' title='bbox 622 2489 680 2542; x_wconf 91' lang='lat' dir='ltr'>sine</span> <span class='ocrx_word' id='word_1_207' title='bbox 692 2487 804 2543; x_wconf 78' lang='lat' dir='ltr'>nomino</span> <span class='ocrx_word' id='word_1_208' title='bbox 814 2492 924 2551; x_wconf 67' lang='lat' dir='ltr'>tem</span> 
     </span>
     <span class='ocr_line' id='line_1_33' title="bbox 78 2561 763 2624; baseline 0.012 -14"><span class='ocrx_word' id='word_1_209' title='bbox 78 2561 149 2624; x_wconf 76' lang='lat' dir='ltr'>Quin</span> <span class='ocrx_word' id='word_1_210' title='bbox 168 2563 196 2611; x_wconf 87' lang='lat' dir='ltr'>et</span> <span class='ocrx_word' id='word_1_211' title='bbox 214 2576 264 2612; x_wconf 80' lang='lat' dir='ltr'>ave</span> <span class='ocrx_word' id='word_1_212' title='bbox 282 2562 408 2615; x_wconf 89' lang='lat' dir='ltr'>comitem</span> <span class='ocrx_word' id='word_1_213' title='bbox 428 2582 487 2618; x_wconf 87' lang='lat' dir='ltr'>seso</span> <span class='ocrx_word' id='word_1_214' title='bbox 507 2566 657 2619; x_wconf 83' lang='lat' dir='ltr'>Mavortius</span> <span class='ocrx_word' id='word_1_215' title='bbox 675 2562 763 2618; x_wconf 82' lang='lat' dir='ltr'>addet</span> 
     </span>
     <span class='ocr_line' id='line_1_34' title="bbox 78 2634 800 2709; baseline 0.01 -22"><span class='ocrx_word' id='word_1_216' title='bbox 78 2634 216 2699; x_wconf 80' lang='lat' dir='ltr'>Romulus,</span> <span class='ocrx_word' id='word_1_217' title='bbox 237 2636 363 2689; x_wconf 79' lang='lat' dir='ltr'>Assaraci</span> <span class='ocrx_word' id='word_1_218' title='bbox 381 2657 461 2707; x_wconf 88' lang='lat' dir='ltr'>quem</span> <span class='ocrx_word' id='word_1_219' title='bbox 480 2642 618 2709; x_wconf 79' lang='lat' dir='ltr'>sanguinis</span> <span class='ocrx_word' id='word_1_220' title='bbox 638 2640 691 2693; x_wconf 81' lang='lat' dir='ltr'>llio</span> <span class='ocrx_word' id='word_1_221' title='bbox 708 2642 800 2695; x_wconf 82' lang='lat' dir='ltr'>muter</span> 
     </span>
     <span class='ocr_line' id='line_1_35' title="bbox 77 2709 871 2790; baseline 0.015 -30"><span class='ocrx_word' id='word_1_222' title='bbox 77 2709 190 2762; x_wconf 81' lang='lat' dir='ltr'>Educet.</span> <span class='ocrx_word' id='word_1_223' title='bbox 228 2709 333 2776; x_wconf 86' lang='lat' dir='ltr'>Viden&#39;,</span> <span class='ocrx_word' id='word_1_224' title='bbox 351 2717 383 2766; x_wconf 92' lang='lat' dir='ltr'>ut</span> <span class='ocrx_word' id='word_1_225' title='bbox 400 2718 524 2782; x_wconf 83' lang='lat' dir='ltr'>gemimre</span> <span class='ocrx_word' id='word_1_226' title='bbox 544 2721 618 2770; x_wconf 80' lang='lat' dir='ltr'>stant</span> <span class='ocrx_word' id='word_1_227' title='bbox 636 2716 737 2769; x_wconf 79' lang='lat' dir='ltr'>vertice</span> <span class='ocrx_word' id='word_1_228' title='bbox 754 2717 871 2790; x_wconf 58' lang='lat' dir='ltr'>crisim</span> 
     </span>
     <span class='ocr_line' id='line_1_36' title="bbox 78 2785 943 2860; baseline 0.018 -23"><span class='ocrx_word' id='word_1_229' title='bbox 78 2786 114 2838; x_wconf 79' lang='lat' dir='ltr'>m</span> <span class='ocrx_word' id='word_1_230' title='bbox 131 2789 210 2853; x_wconf 84' lang='lat' dir='ltr'>pater</span> <span class='ocrx_word' id='word_1_231' title='bbox 228 2785 288 2853; x_wconf 86' lang='lat' dir='ltr'>ipse</span> <span class='ocrx_word' id='word_1_232' title='bbox 306 2804 354 2840; x_wconf 89' lang='lat' dir='ltr'>sne</span> <span class='ocrx_word' id='word_1_233' title='bbox 372 2807 498 2858; x_wconf 84' lang='lat' dir='ltr'>superum</span> <span class='ocrx_word' id='word_1_234' title='bbox 517 2793 570 2845; x_wconf 87' lang='lat' dir='ltr'>iam</span> <span class='ocrx_word' id='word_1_235' title='bbox 589 2794 678 2860; x_wconf 84' lang='lat' dir='ltr'>signat</span> <span class='ocrx_word' id='word_1_236' title='bbox 694 2791 818 2851; x_wconf 78' lang='lat' dir='ltr'>benerei</span> <span class='ocrx_word' id='word_1_237' title='bbox 905 2816 943 2859; x_wconf 79' lang='lat' dir='ltr'>m</span> 
     </span>
     <span class='ocr_line' id='line_1_37' title="bbox 78 2860 757 2934; baseline 0.016 -22"><span class='ocrx_word' id='word_1_238' title='bbox 78 2860 126 2925; x_wconf 79' lang='lat' dir='ltr'>llo,</span> <span class='ocrx_word' id='word_1_239' title='bbox 144 2861 231 2926; x_wconf 88' lang='lat' dir='ltr'>huius,</span> <span class='ocrx_word' id='word_1_240' title='bbox 250 2866 321 2927; x_wconf 84' lang='lat' dir='ltr'>nate,</span> <span class='ocrx_word' id='word_1_241' title='bbox 340 2867 466 2934; x_wconf 72' lang='lat' dir='ltr'>aruspiciis</span> <span class='ocrx_word' id='word_1_242' title='bbox 485 2868 529 2920; x_wconf 86' lang='lat' dir='ltr'>illa</span> <span class='ocrx_word' id='word_1_243' title='bbox 548 2869 649 2922; x_wconf 84' lang='lat' dir='ltr'>incluta</span> <span class='ocrx_word' id='word_1_244' title='bbox 668 2868 757 2923; x_wconf 78' lang='lat' dir='ltr'>Roma</span> 
     </span>
     <span class='ocr_line' id='line_1_38' title="bbox 78 2937 734 3012; baseline 0.014 -24"><span class='ocrx_word' id='word_1_245' title='bbox 78 2937 218 3004; x_wconf 81' lang='lat' dir='ltr'>inperium</span> <span class='ocrx_word' id='word_1_246' title='bbox 237 2939 324 3004; x_wconf 75' lang='lat' dir='ltr'>terrie,</span> <span class='ocrx_word' id='word_1_247' title='bbox 343 2941 446 2993; x_wconf 83' lang='lat' dir='ltr'>animos</span> <span class='ocrx_word' id='word_1_248' title='bbox 465 2943 593 3009; x_wconf 83' lang='lat' dir='ltr'>aequabit</span> <span class='ocrx_word' id='word_1_249' title='bbox 612 2943 734 3012; x_wconf 80' lang='lat' dir='ltr'>Olymp0,</span> 
     </span>
     <span class='ocr_line' id='line_1_39' title="bbox 77 3012 816 3091; baseline 0.014 -27"><span class='ocrx_word' id='word_1_250' title='bbox 77 3012 244 3080; x_wconf 65' lang='lat' dir='ltr'>septemque</span> <span class='ocrx_word' id='word_1_251' title='bbox 263 3030 316 3068; x_wconf 80' lang='lat' dir='ltr'>rma</span> <span class='ocrx_word' id='word_1_252' title='bbox 334 3017 385 3069; x_wconf 85' lang='lat' dir='ltr'>sibi</span> <span class='ocrx_word' id='word_1_253' title='bbox 403 3034 480 3069; x_wconf 91' lang='lat' dir='ltr'>muro</span> <span class='ocrx_word' id='word_1_254' title='bbox 498 3019 678 3074; x_wconf 82' lang='lat' dir='ltr'>riremmlabit</span> <span class='ocrx_word' id='word_1_255' title='bbox 696 3037 783 3087; x_wconf 81' lang='lat' dir='ltr'>arces,</span> <span class='ocrx_word' id='word_1_256' title='bbox 808 3072 816 3091; x_wconf 67' lang='grc'>,</span> 
     </span>
     <span class='ocr_line' id='line_1_40' title="bbox 77 3088 765 3165; baseline 0.015 -24"><span class='ocrx_word' id='word_1_257' title='bbox 77 3088 155 3141; x_wconf 82' lang='lat' dir='ltr'>Felix</span> <span class='ocrx_word' id='word_1_258' title='bbox 173 3088 248 3156; x_wconf 87' lang='lat' dir='ltr'>prole</span> <span class='ocrx_word' id='word_1_259' title='bbox 267 3093 368 3147; x_wconf 89' lang='lat' dir='ltr'>virum:</span> <span class='ocrx_word' id='word_1_260' title='bbox 387 3094 475 3162; x_wconf 81' lang='lat' dir='ltr'>qualis</span> <span class='ocrx_word' id='word_1_261' title='bbox 494 3096 655 3165; x_wconf 84' lang='lat' dir='ltr'>Berecyntia</span> <span class='ocrx_word' id='word_1_262' title='bbox 672 3099 765 3151; x_wconf 82' lang='lat' dir='ltr'>meter</span> 
     </span>
     <span class='ocr_line' id='line_1_41' title="bbox 77 3164 946 3245; baseline 0.015 -29"><span class='ocrx_word' id='word_1_263' title='bbox 77 3164 221 3217; x_wconf 85' lang='lat' dir='ltr'>Invehitur</span> <span class='ocrx_word' id='word_1_264' title='bbox 238 3182 319 3223; x_wconf 85' lang='lat' dir='ltr'>curru</span> <span class='ocrx_word' id='word_1_265' title='bbox 342 3170 471 3239; x_wconf 69' lang='lat' dir='ltr'>Phrygias</span> <span class='ocrx_word' id='word_1_266' title='bbox 489 3172 590 3225; x_wconf 85' lang='lat' dir='ltr'>turrita</span> <span class='ocrx_word' id='word_1_267' title='bbox 606 3188 656 3241; x_wconf 86' lang='lat' dir='ltr'>per</span> <span class='ocrx_word' id='word_1_268' title='bbox 674 3172 767 3241; x_wconf 85' lang='lat' dir='ltr'>urbes,</span> <span class='ocrx_word' id='word_1_269' title='bbox 908 3200 946 3245; x_wconf 59' lang='grc' dir='ltr'>,ῃ</span> 
     </span>
    </p>
   </div>
   <div class='ocr_carea' id='block_1_3' title="bbox 0 0 1020 3524">
    <p class='ocr_par' dir='ltr' id='par_1_3' title="bbox 0 0 1020 3524">
     <span class='ocr_line' id='line_1_42' title="bbox 0 0 1020 3524; baseline 0 0"><span class='ocrx_word' id='word_1_270' title='bbox 0 0 1020 3524; x_wconf 95' lang='lat' dir='ltr'> </span> 
     </span>
    </p>
   </div>
  </div>
 </body>
</html>
