2032 3524
332 115 515 164 AENEIDOS
538 116 607 164 LIB.
629 116 676 162 Vl.
879 104 926 153 189

81 195 160 250 Idem
177 200 223 251 ter
240 195 325 250 socies
342 212 412 265 pura
429 196 594 251 circumtulit
610 196 691 264 unda,

79 275 217 342 Spargcns
233 289 297 327 rere
314 273 367 326 levi
385 276 413 326 et
431 289 506 326 ramo
524 274 609 326 felicis
626 273 720 340 olivae,
894 284 930 324 aas

79 350 275 418 Lustravitque
293 350 374 417 viros,
394 350 518 417 dixitque
536 350 680 403 novissima
698 350 788 403 verba

81 428 120 481 At
136 427 198 495 pius
217 429 326 479 Aeneas
342 425 448 493 ingenti
466 426 537 479 mele
556 426 729 494 sepulchrum

79 503 198 571 Inponit,
217 518 319 570 suaque
336 517 412 555 arma
429 502 487 555 vire
504 518 664 569 remumque
682 502 841 570 tubamque,

78 579 174 633 Monte
192 579 242 633 sub
259 580 340 646 aeri0,
358 580 406 648 qui
424 595 495 631 nune
512 578 633 631 Misenus
650 578 685 631 ab
703 579 749 631 ille

77 657 193 723 Dicitur,
210 660 407 724 aeternumque
425 658 502 709 tenet
519 672 569 723 per
587 655 693 708 saecula
709 671 815 708 nomen.
893 670 928 709 23⁵
965 671 968 677 ·

114 733 165 786 llis
183 732 251 786 actis
269 749 385 801 propere
403 732 563 800 exsequitur
580 735 724 800 praecepta
743 731 867 799 Sibyllae.

77 810 212 878 Spelunca
229 809 286 863 alta
302 809 355 862 fuit
372 812 505 876 vastoque
522 807 637 861 inmanis
654 807 738 872 hiatu,

77 886 204 954 Serapea,
222 889 285 939 tuta
302 885 362 938 lacu
379 886 457 952 nigro
474 901 670 952 nemorumque
689 885 818 950 tenebris,

78 962 164 1026 Quam
183 978 264 1030 super
282 962 356 1014 haud
373 962 445 1014 ullae
463 964 592 1028 poterant
609 961 709 1029 inpune
728 961 851 1013 volantes

77 1039 202 1093 Tendere
220 1039 274 1092 iter
291 1039 399 1107 pennis:
418 1038 481 1091 talis
499 1053 558 1090 sese
576 1037 677 1090 halitus
695 1037 762 1089 atris
892 1051 928 1090 ase

77 1115 212 1168 Faucibus
229 1113 370 1168 effimdens
388 1131 486 1183 supera
503 1115 539 1167 ad
557 1130 676 1166 convexa
693 1112 811 1166 ferebat:

76 1190 171 1261 [Unde
187 1191 276 1245 locum
295 1191 371 1244 Graii
388 1191 519 1245 dixerunt
536 1190 644 1242 nemine
664 1188 794 1257 Amnon]

78 1269 213 1331 Quattuor
230 1267 274 1320 hic
291 1268 410 1335 primum
428 1267 562 1334 nigrantis
580 1270 659 1332 terga
677 1265 803 1317 iuvencos

77 1344 226 1398 Constituit
243 1344 382 1411 frontique
400 1343 518 1410 invergit
535 1343 598 1395 vina
615 1342 748 1408 sacerdos,

77 1421 114 1474 Et
132 1436 250 1473 summas
267 1436 381 1489 carpens
398 1420 489 1472 media
506 1420 579 1472 inter
596 1435 697 1471 cornua
715 1420 804 1471 saetas
890 1433 926 1471 aas

78 1495 192 1563 Ignibus
209 1496 315 1564 inponit
333 1496 423 1561 saeris,
443 1495 571 1548 libamina
588 1495 684 1564 prima,

78 1574 151 1626 Voce
168 1588 267 1626 vocans
286 1573 418 1638 Hecaten,
437 1572 571 1639 Caeloque
590 1571 733 1639 Ereboque
750 1573 898 1639 potentem.

77 1649 239 1718 Supponunt
257 1647 303 1702 alii
321 1649 430 1712 cultros,
448 1648 628 1715 tepidumque
646 1664 770 1701 cruorem

78 1725 234 1795 Succipiunt
251 1725 360 1793 pateris.
400 1725 463 1792 lpse
481 1724 533 1776 atri
552 1723 659 1776 velleris
678 1741 774 1790 agnam

78 1804 187 1856 Aeneas
204 1802 286 1856 matri
306 1801 487 1854 Eumenidum
506 1817 674 1868 magnaeque
692 1800 778 1852 sorori
890 1815 925 1854 250

77 1879 237 1945 Emeterii,
257 1877 433 1944 sterilemque
452 1877 509 1941 tibi,
530 1877 696 1943 Proserpina
715 1893 829 1929 vaccam.

76 1955 145 2008 Tum
163 1955 258 2024 Stygio
275 1954 333 2021 regi
352 1957 498 2006 nocturnas
515 1952 623 2004 inchoat
641 1968 709 2018 aras,

77 2032 113 2084 Et
131 2030 217 2084 solida
233 2031 338 2098 inponit
356 2033 497 2082 taurorum
515 2028 618 2081 viscera
636 2028 758 2088 flammis,

79 2107 182 2175 Pingue
200 2122 281 2174 super
298 2106 386 2159 oleum
404 2104 549 2158 infundens
568 2103 727 2156 ardentibus
744 2104 823 2157 extis,

78 2183 146 2236 Ecce
164 2186 263 2249 autem,
280 2183 360 2252 primi
378 2181 429 2234 sub
447 2181 548 2233 lmnina
566 2179 629 2232 solis
647 2183 675 2232 et
692 2182 769 2231 ortus
889 2194 925 2233 25⁵

77 2259 134 2313 Sub
151 2257 267 2328 pedibus
284 2259 390 2326 mugire
408 2258 501 2320 solum,
519 2260 548 2309 et
566 2256 629 2323 iuga
647 2258 742 2323 coepta
759 2255 861 2309 moveri

77 2336 218 2404 Silvamm,
236 2336 363 2404 visaeque
380 2351 460 2388 canes
477 2333 582 2386 ululare
601 2348 650 2399 per
667 2330 800 2396 umbram,

79 2413 255 2467 Adventante
272 2411 331 2465 dea.
369 2411 464 2464 Procul
484 2427 507 2477 0,
525 2409 619 2478 procul
638 2412 705 2474 este,
723 2406 837 2476 profani,

77 2489 234 2543 Conclamat
251 2492 336 2554 vates,
354 2492 468 2556 totoque
486 2486 611 2539 absistite
628 2485 702 2548 luco;

76 2565 171 2634 'l'uque
189 2564 288 2618 invade
305 2565 384 2630 viam,
402 2564 555 2631 vaginaque
573 2561 649 2628 eripe
667 2560 784 2624 ferrum;
890 2573 925 2610 aee

77 2642 155 2695 Nunc
172 2641 268 2694 animis
285 2657 360 2709 epus,
380 2641 481 2703 Aenea,
498 2654 570 2691 nunc
587 2642 698 2706 pectore
715 2637 802 2690 firme.

77 2718 194 2772 'lantum
212 2717 299 2781 effata
316 2717 411 2769 furens
429 2719 509 2768 antro
527 2731 556 2766 se
574 2714 675 2766 inmisit
693 2716 804 2783 aperte;

80 2794 129 2847 llle
148 2793 245 2848 ducam
262 2792 336 2846 haud
354 2791 459 2844 timidis
476 2789 622 2842 vadentem
640 2789 764 2856 passibus
782 2788 889 2853 aequat.

112 2869 154 2937 Di,
184 2869 282 2939 quibus
311 2869 445 2936 inperium
475 2870 518 2920 est
553 2864 713 2929 animarum,
749 2860 926 2928 Umbraeque

77 3023 114 3077 Ilt
132 2945 471 3090 Chddffndds'l'hlegcthon,
488 3017 547 3071 loca
565 3018 644 3068 noeto
662 3012 782 3068 tacentia
798 3011 862 3077 lato,
890 3023 926 3064 aas

76 3099 119 3152 Sit
136 3099 202 3153 mihi
217 3099 259 3153 fas
277 3097 370 3152 audita
388 3094 478 3163 lequi;
497 3092 534 3146 sit
551 3090 662 3143 numine
679 3091 772 3143 vestro

76 3174 204 3231 Pandere
219 3190 265 3230 res
282 3173 340 3228 alta
355 3175 432 3227 terra
449 3173 478 3224 et
494 3168 609 3236 ealigine
627 3182 737 3222 mersas

145 3406 162 3429 Α

130 3438 138 3467 1
