2032 3524
361 113 542 163 aunnrnos
560 117 630 165 nna.
649 96 713 165 vnss
913 112 960 160 ms

108 193 231 246 Terribili
249 192 378 261 inpexam
396 197 480 261 saeta,
499 210 560 248 cum
578 195 707 248 dentibus
724 195 794 250 albis

108 269 226 321 Indutus
244 270 336 337 capiti,
354 270 391 322 sic
409 270 484 338 regia
501 274 575 324 tecta
594 271 711 338 subibat,

109 344 252 409 Horridus
274 345 462 414 Herculeoque
479 346 608 400 humeros
625 348 740 401 innexus
757 350 867 405 amictu.

144 421 212 473 Tum
229 422 328 488 gemini
347 422 446 476 fratres
465 423 590 478 Tiburtia
608 425 713 478 moenia
730 425 864 495 linquunt,
921 439 959 481 cro

110 497 215 550 Fratris
233 498 339 552 Tiburti
357 499 457 552 dietam
476 501 634 568 cognomine
651 505 770 570 gentem,

110 574 278 643 Catillusque
296 592 412 644 acerque
431 577 522 643 Coras,
542 578 646 644 Argiva
663 579 797 646 iuventus,

111 651 144 702 lit
163 652 278 718 primam
296 656 360 705 ante
377 654 463 706 aciem
480 654 565 707 densa
581 655 656 707 inter
673 655 730 708 tela
747 655 885 708 feruntur:

110 728 166 778 Ceu
185 726 239 780 duo
256 727 408 796 nubigenae
425 746 487 782 curn
505 730 607 783 vertice
625 731 724 784 montis
742 731 777 783 ab
795 731 851 784 alto

110 802 286 858 Descendunt
299 805 436 873 Centauri,
450 806 585 859 Homolen
600 806 770 875 Othrquue
781 807 899 860 nivalem
923 819 961 860 675

111 878 277 948 Linquentes
295 897 375 934 cursu
393 882 503 950 rapido;
521 882 570 934 dat
588 883 715 935 euntibus
732 884 828 950 ingens

109 955 183 1008 Silva
200 956 295 1024 locum,
314 962 343 1011 et
361 974 458 1025 magno
476 958 577 1010 cedunt
595 959 712 1024 virgulta
730 960 846 1026 fragore,

145 1031 202 1084 Nec
222 1033 415 1086 Praenestinae
432 1033 562 1085 fundator
580 1033 667 1086 defuit
684 1033 766 1099 urbis,

111 1107 229 1160 Volcano
247 1110 370 1174 genitum
389 1124 487 1174 pecora
504 1109 577 1160 inter
594 1109 713 1175 agrestia
731 1125 823 1176 regem

112 1183 312 1250 inventumque
328 1184 395 1237 iocis
412 1184 499 1236 omnis
517 1201 598 1252 quem
616 1184 732 1239 credidit
751 1189 833 1249 astae,
926 1197 975 1238 tta¹

112 1258 249 1312 Caeculus.
287 1260 368 1314 Hunc
386 1259 458 1327 legio
476 1260 531 1313 late
550 1261 696 1313 comitatur
714 1261 838 1328 egestis,

112 1335 219 1403 Quique
236 1335 322 1389 altum
341 1336 488 1391 Praeneste
506 1338 563 1403 viri,
583 1337 685 1407 quique
702 1355 768 1391 arva
786 1337 909 1392 Gabinae

112 1412 224 1465 lunonis
241 1413 418 1482 gelidumque
438 1415 572 1468 Anienem
590 1417 620 1468 et
637 1415 743 1468 roscida
760 1415 825 1467 rivis

114 1489 233 1542 Hernica
251 1505 316 1542 saxa
333 1490 431 1557 colunt,
451 1507 519 1558 quos
538 1491 614 1544 dives
633 1491 760 1559 Anagnia
776 1490 872 1559 pascit,

111 1565 192 1632 Quos,
212 1568 348 1619 Amasene
365 1570 451 1635 pater.
487 1568 549 1620 Non
566 1567 620 1620 illis
638 1567 762 1620 omnibus
780 1583 862 1636 arma,
924 1581 962 1621 ese

112 1642 136 1693 N
139 1659 169 1694 ec
187 1642 267 1710 clipei
285 1659 414 1696 currusve
432 1648 544 1709 sonant;
562 1661 626 1712 pars
644 1661 771 1697 maxuma
788 1643 903 1712 glandes

112 1718 234 1772 Liventis
251 1721 355 1787 plumbi
376 1721 493 1789 spargit;
511 1737 574 1788 pars
593 1721 696 1789 spicula
713 1724 804 1788 gestat

114 1794 181 1847 Bina
199 1813 294 1859 manu;
312 1797 453 1865 fulvosque
471 1798 528 1865 lupi
547 1798 582 1850 de
600 1797 671 1865 pello
689 1792 795 1864 galeros

112 1868 231 1938 Tegmcn
249 1873 353 1925 habent
371 1875 468 1941 capiti;
484 1874 600 1940 vestigia
617 1874 692 1925 nuda
709 1872 812 1924 sinistri

112 1947 261 2000 instituere
279 1948 371 2015 pedis;
387 1949 487 2001 crudus
506 1951 575 2016 tegit
593 1948 680 2002 altera
697 1964 770 2015 pero.
927 1960 963 2000 oso

147 2022 356 2090 At'Mossapus
375 2040 475 2090 equum
494 2024 620 2089 domitor,
640 2023 778 2090 Neptunia
795 2021 892 2089 proles,

113 2099 199 2162 Quem
218 2115 307 2164 nequo
325 2098 365 2150 ias
383 2099 440 2165 igni
459 2100 584 2166 cuiquam
602 2115 653 2150 nec
672 2101 794 2149 sternere
812 2097 892 2162 ferro,

113 2176 173 2227 lam
191 2174 297 2242 pridem
316 2175 420 2228 residos
438 2175 552 2243 populos
571 2174 740 2241 desuetaque
758 2172 831 2224 bello

93 2302 96 2308 ,
114 2252 231 2316 Agmina
248 2251 276 2302 in
294 2268 370 2303 arma
387 2256 465 2304 vocat
483 2249 580 2317 subito,
598 2251 755 2315 ferrumque
773 2249 912 2302 retractat.

114 2327 152 2378 lli
171 2327 350 2379 Fescenninas
369 2329 440 2380 acies
459 2329 626 2395 Aequosque
645 2323 770 2389 Faliscos,
927 2339 964 2379 ese

116 2403 152 2455 lii
171 2403 289 2456 Soractis
308 2404 409 2457 habent
427 2420 504 2457 arces
523 2401 700 2469 Flaviniaque
718 2417 789 2466 arva,

114 2479 149 2533 llt
168 2479 266 2532 Cimini
285 2497 345 2532 enm
364 2484 456 2533 monto
474 2480 562 2533 lacum
581 2479 710 2546 lucosque
729 2477 859 2547 Capenos

115 2557 197 2609 ibant
214 2556 323 2623 aequati
342 2573 461 2622 numer0,
480 2571 628 2623 regemque
646 2553 791 2608 canebant:

115 2634 170 2684 Ceu
189 2632 325 2698 quondam
343 2632 414 2685 nivei
432 2631 535 2700 liquida
552 2632 624 2685 inter
642 2630 735 2684 nubila
752 2630 828 2699 cycni

115 2708 183 2759 Cum
201 2723 260 2759 sese
279 2725 294 2760 e
312 2712 391 2774 pastu
410 2709 533 2762 referunt
551 2710 580 2761 et
597 2708 677 2775 longa
696 2723 808 2760 canoros
928 2713 964 2760 τοῦ

117 2784 189 2835 llant
206 2799 257 2850 per
274 2784 342 2836 colla
359 2785 470 2851 modos;
488 2788 566 2838 sonat
583 2785 669 2837 amnis
687 2786 716 2836 et
735 2782 803 2836 Asia
820 2781 900 2850 longe

119 2859 197 2911 Pulsa
213 2857 298 2925 palus.

116 2934 140 2986 N
143 2951 174 2986 co
193 2935 335 3003 quisquam
353 2942 460 2992 aeratas
477 2937 549 2994 acies
566 2955 601 2992 ex
619 2936 727 3004 agmine
743 2936 822 2988 tanto

116 3011 225 3077 Misceri
244 3016 331 3080 putot,
350 3015 451 3067 aeriam
470 3011 519 3067 sed
536 3014 646 3082 gurgite
664 3010 699 3064 ab
717 3011 774 3064 alto

117 3088 234 3154 Urgueri
252 3088 391 3143 volucrum
409 3107 551 3143 raucarum
569 3089 605 3142 ad
622 3089 703 3157 litora
719 3086 826 3140 nubem.
928 3098 965 3142 tot

151 3163 227 3230 Eece,
245 3163 405 3221 Sabinorum
423 3166 512 3236 prisco
529 3165 565 3219 de
583 3163 712 3232 sanguine
730 3176 858 3231 megenum
