2032 3524
76 118 123 168 170
301 115 330 163 P.
351 113 503 161 VERGILI
522 112 690 161 MARONIS

77 198 228 249 Proxumus
247 198 278 247 ut
296 192 429 246 adridente
446 196 508 246 toro
526 191 689 247 consederat
706 191 821 248 herbae:

77 272 192 335 llutllc,
210 271 323 323 heroum
343 268 480 338 quondam
499 268 648 322 iortissimo
666 267 778 337 frustm,

77 350 197 401 Tantane
215 352 272 399 tum
290 346 397 414 patiens
415 345 489 398 nollo
507 346 656 399 certamino
675 345 735 400 tolli
901 364 941 404 aro

80 426 155 477 llum
173 424 260 476 sincsl
282 423 329 474 uhi
348 439 418 474 inme
437 421 515 474 nobis
534 423 602 476 deus
620 421 667 476 illo
685 422 819 491 nmgistor

79 501 250 569 Nequiquam
268 504 434 551 nremomtus
454 498 542 566 Em'xl
562 498 609 551 ubi
628 500 701 551 fama
718 516 770 567 per
788 516 901 555 omnem

77 577 250 641 Trinacriam,
270 579 299 628 ct
317 575 402 642 spolia
419 574 467 628 illa
485 576 539 629 tuis
557 574 707 645 pendentia
725 576 826 631 teetis'l

81 653 130 706 illc
149 652 199 704 sub
217 652 298 704 haec:
323 651 385 703 Non
404 651 491 704 laudis
510 670 594 719 amor,
612 669 663 705 noc
680 652 768 720 gloria
784 653 872 707 cessit

80 730 161 782 l¹nlsa
179 732 270 791 mctu;
292 728 341 781 scd
359 729 431 781 enim
449 729 557 796 gelidas
575 729 705 783 tardante
723 731 837 783 senecta
903 745 942 785 m

78 807 192 874 Snngnis
210 805 300 871 hebet,
319 805 474 873 frigentque
493 806 592 859 edetao
610 807 637 859 in
656 822 769 875 corporo
786 806 867 861 vires

78 885 105 936 si
125 883 197 949 inihi,
217 899 286 951 qrme
305 881 441 950 quondam
460 883 559 949 suerat,
578 898 686 950 quaque
703 880 836 951 inprobus
852 882 912 937 iste

80 961 206 1013 Exsultat
223 958 317 1026 fidens,
337 958 360 1009 si
377 974 449 1012 nunc
467 962 539 1012 teret
557 960 604 1011 illa
622 960 754 1026 inventas,

81 1037 163 1089 Haud
181 1036 307 1104 equidem
325 1036 413 1104 pretio
431 1036 560 1089 inductus
577 1034 745 1104 pulchroque
762 1034 879 1089 iuvenco

79 1113 228 1175 Venissenr,
248 1130 296 1166 nec
315 1113 386 1165 dona
403 1131 500 1166 moror.
538 1113 582 1166 Sic
600 1111 700 1165 deinde
717 1110 826 1164 locutus
902 1126 943 1166 seo

80 1190 112 1241 In
131 1190 250 1242 inedium
267 1190 388 1257 geminos
406 1189 507 1241 inmani
528 1187 650 1256 pondero
669 1190 778 1240 caestus

81 1266 205 1330 Proiecit,
224 1266 323 1335 quibus
341 1284 404 1318 acer
424 1266 496 1333 Eryx
514 1264 543 1316 in
560 1264 665 1333 proelia
682 1266 777 1317 suctus

80 1342 164 1394 Ferre
183 1359 293 1395 manuni
313 1342 438 1409 dnroqnc
456 1341 601 1395 intendero
618 1339 745 1394 bracchia
762 1343 850 1409 tergo.

80 1418 244 1487 Obstipuere
263 1418 360 1470 animi:
381 1421 520 1470 tantorum
538 1418 661 1484 ingentia
679 1419 785 1485 septem

79 1495 165 1562 Terga
183 1494 264 1546 boum
283 1494 395 1562 phunbo
413 1494 503 1547 insuto
521 1497 649 1563 terreque
668 1492 802 1561 rigebant
903 1508 944 1549 too

80 1574 153 1624 Ante
172 1572 257 1623 onmis
276 1575 368 1639 stupet
385 1572 443 1639 ipsc
466 1571 556 1637 llarcs,
576 1571 710 1639 longeque
728 1572 855 1636 recusat3

79 1648 323 1716 Magnanimusque
342 1647 521 1700 Anchisiades
540 1652 569 1700 et
587 1646 694 1715 pondus
711 1650 742 1699 ct
758 1645 821 1715 ipsa

80 1724 141 1776 lluc
158 1725 221 1777 illuc
239 1724 387 1776 vinclorum
405 1724 528 1776 inmensa
546 1723 682 1775 volumina
699 1725 799 1776 versat.

79 1800 145 1852 Turn
165 1800 254 1852 scnier
271 1800 334 1852 talis
352 1799 490 1852 reiercbat
508 1803 620 1869 pectore
639 1814 733 1853 voces:

79 1877 158 1941 Quid,
177 1877 198 1928 si
219 1877 279 1943 quis
296 1880 403 1928 caestus
421 1876 506 1943 ipsius
525 1880 553 1929 et
573 1875 700 1928 Herculis
718 1890 795 1928 arma
903 1890 944 1933 sse

80 1952 202 2005 Vidisset
219 1953 381 2020 tristemque
399 1951 449 2004 hoc
466 1952 570 2018 ipsein
589 1952 669 2004 litore
686 1954 823 2019 pugnami

82 2031 155 2082 llaec
172 2046 317 2096 germanus
336 2030 408 2095 Eryx
427 2027 564 2097 quondam
583 2031 646 2080 tuns
663 2044 739 2080 arma
755 2028 874 2096 gerebat
881 2052 927 2097 ;-

79 2108 214 2174 Sanguine
233 2106 321 2159 eernis
339 2106 429 2158 adhuc
447 2121 596 2172 sparsoque
614 2104 715 2157 infecta
733 2104 848 2159 cerebro
856 2126 904 2171 3—

81 2183 131 2234 llis
148 2200 277 2250 inagnum
296 2182 413 2236 Alciden
432 2183 526 2234 contra
545 2180 639 2245 stetit3
657 2180 700 2233 his
718 2197 770 2248 ego
787 2184 894 2249 suctus,

82 2258 151 2311 llum
169 2259 264 2312 molior
282 2259 346 2311 viris
366 2258 474 2325 sanguis
494 2256 585 2322 dabat,
605 2256 711 2309 aemula
729 2254 849 2313 necdum
904 2274 944 2315 ms

79 2334 256 2402 Temporibus
273 2335 388 2402 geminis
406 2333 520 2386 canebat
540 2349 633 2401 sparsa
652 2336 786 2388 senectus.

79 2410 134 2462 Sed
152 2411 173 2462 si
191 2413 285 2463 nostra
302 2410 389 2463 Dares
406 2410 473 2462 haec
493 2409 588 2462 Troius
606 2426 681 2462 antra
698 2410 816 2478 recusat,

80 2485 169 2553 quue
186 2486 231 2553 pio
250 2485 329 2538 sedet
349 2489 465 2552 Aeneae,
484 2485 585 2553 probat
603 2489 697 2538 auctor
718 2476 844 2557 accim
889 2498 893 2505 “

81 2565 237 2629 Aequcnms
255 2578 367 2629 pugnas.
404 2562 497 2630 Erycis
516 2562 567 2614 tibi
586 2566 665 2630 terga
681 2561 812 2629 remitto3

80 2638 158 2690 Solve
176 2641 280 2701 inctus3
300 2640 329 2688 et
347 2640 379 2689 tn
397 2638 526 2690 Troianos
545 2656 613 2690 exue
633 2640 746 2691 caestus.
905 2656 944 2697 m

81 2714 157 2766 Ilaec
174 2714 247 2766 tatus
265 2712 401 2782 duplicem
421 2731 455 2766 ex
473 2715 595 2767 innueris
613 2714 711 2768 reiecit
728 2714 869 2785 amictum,

81 2790 116 2843 At
128 2808 239 2857 rnagnos
252 2790 437 2843 membrorum
449 2794 534 2858 artus,
547 2808 645 2859 magna
658 2806 719 2843 ossa
730 2790 911 2861 lacertosque

81 2867 170 2934 Exuit,
190 2871 272 2935 atque
291 2867 387 2934 ingens
404 2867 495 2920 media
513 2868 637 2920 consistit
655 2882 744 2920 arena
793 2932 799 2945 .

80 2943 148 2995 Tum
167 2948 241 2997 satus
262 2944 381 2996 Anchisa
399 2948 506 2996 caestus
524 2947 605 3012 pater
624 2942 724 2997 extulit
741 2959 856 3013 aequos,

82 3020 117 3071 nt
135 3022 245 3088 paribus
264 3023 368 3090 palmas
387 3021 527 3074 arnbonnn
546 3021 670 3074 innexuit
688 3019 777 3073 armis
906 3038 946 3095 fl

82 3094 212 3150 Caristitit
229 3099 258 3150 in
277 3098 377 3165 digitos
396 3098 533 3167 extemplo
553 3101 676 3167 arrectus
693 3100 821 3173 uterque,

83 3170 266 3240 Bracchioque
284 3173 320 3226 ad
339 3190 451 3242 superas
469 3174 611 3227 interritus
630 3172 731 3226 extulit
748 3190 838 3229 aurea
938 3208 942 3217 ·
