2032 3524
322 125 528 180 GEORGICON
546 128 616 178 LIB.
634 131 683 179 lv.
902 136 930 187 81

74 204 192 260 Inferias
211 205 314 273 Orphei
333 205 455 258 Lethaea
474 224 611 276 papavera
628 211 729 280 mittes,
896 228 930 269 141

73 283 110 335 ut
128 283 232 348 nigram
250 282 385 335 mactabis
407 300 491 351 ovem,
512 284 656 354 lucumque
675 289 788 355 revises3

73 359 214 412 Placatam
234 359 387 426 Eurydicen
409 361 493 414 vitula
512 362 677 418 venerabere
695 381 781 420 caesa.

110 436 194 489 Haud
213 452 305 502 mora;
324 438 450 491 continuo
472 438 567 491 matris
586 445 732 510 praecepta
750 443 872 509 facessit3

76 514 123 566 Ad
141 512 255 566 delubra
273 515 353 582 venit,
375 519 541 568 monstratas
561 518 664 570 excitat
681 534 749 585 aras,

75 590 212 653 Quattuor
230 591 344 643 eximios
362 593 513 660 praestanti
533 611 645 664 corpore
662 597 755 647 tauros

74 667 163 733 Ducit,
182 671 211 719 et
228 668 332 720 intacta
353 669 469 722 totidem
490 671 593 724 cervice
611 672 741 724 iuvencas

75 743 149 810 Post,
168 743 214 796 ubi
232 761 303 797 nona
322 762 384 798 suos
405 747 513 800 Aurora
531 748 676 800 induxerat
695 751 779 814 ortus,

76 820 190 872 Inferias
210 819 312 889 Orphei
332 821 426 888 mittit,
446 823 591 891 lucumque
609 824 709 877 revisit.

76 895 130 948 Hic
148 914 211 949 vero
231 897 351 950 subitum
370 915 401 950 ac
420 898 495 952 dictu
515 900 639 953 mirabile
656 903 807 953 monstrum

76 973 227 1041 Aspicinnt,
246 975 392 1042 liquefacta
411 975 492 1029 boum
510 993 560 1043 por
579 978 681 1030 viscera
699 979 757 1030 toto
891 989 929 1030 aas

75 1048 199 1102 Stridore
217 1067 282 1118 apes
300 1054 379 1103 utero
398 1054 427 1104 et
444 1053 534 1120 ruptis
552 1053 682 1105 effervere
699 1053 789 1119 costis,

76 1132 272 1196 Inmensasque
290 1128 361 1179 trahi
379 1127 472 1195 nubes,
490 1130 597 1197 iamque
616 1128 713 1182 arbore
731 1145 836 1181 summa

76 1205 219 1258 Confluere
238 1203 366 1255 atlantis
385 1221 465 1255 uvam
485 1203 632 1256 demittere
649 1205 737 1257 ramis.

112 1357 188 1410 Haec
205 1374 286 1422 super
304 1374 428 1409 arvorum
447 1357 522 1409 cultu
539 1374 721 1425 pecorumque
739 1358 868 1412 canebam

75 1436 113 1488 Et
131 1449 213 1500 super
230 1432 378 1498 arboribus,
398 1432 497 1485 Caesar
515 1433 580 1485 dum
592 1449 705 1499 magnus
719 1433 755 1485 ad
769 1433 855 1486 altum
889 1450 926 1488 aso

76 1509 213 1564 Fulminat
232 1507 390 1575 Euphraten
408 1507 487 1572 bello,
507 1509 646 1577 victorque
664 1509 779 1562 volentis

75 1586 130 1640 Per
147 1584 260 1653 populos
279 1581 327 1635 dat
344 1584 411 1652 iura,
429 1585 555 1653 viamque
574 1585 695 1638 adfectat
714 1583 834 1654 inmpo.

74 1663 127 1717 Illo
147 1660 298 1728 Vergilium
317 1678 361 1713 me
380 1665 502 1729 tompore
522 1662 607 1715 (luicis
626 1660 718 1713 alebat

75 1740 256 1805 Parthenope,
276 1737 372 1789 studiis
391 1737 533 1792 florentem
552 1737 676 1805 ignobilis
695 1737 741 1803 oti,

75 1815 203 1871 Gauraina
220 1813 267 1881 qui
283 1813 334 1864 lusi
352 1816 498 1881 pastorrnn,
517 1815 660 1880 audaxque
678 1813 795 1880 iuventa,
887 1828 924 1868 aaa

75 1894 175 1961 Tityre,
193 1891 222 1942 te
240 1889 349 1956 patulae
368 1888 451 1939 cecini
469 1889 519 1940 sub
537 1890 656 1955 tegmine
674 1888 738 1955 sagi.
