2032 3524
328 125 513 174 sanantes
531 127 599 175 LIB.
618 127 669 178 XI.
878 134 925 180 295

77 201 131 256 Ter
147 202 249 257 cneum
267 220 401 271 accensos,
419 205 501 259 cincti
518 206 686 274 fulgentibus
704 210 795 279 armis,

78 277 231 332 Decumere
249 296 345 346 rogos;
369 283 413 333 ter
430 286 564 335 maestum
583 284 686 338 funeris
703 286 794 353 ignem

79 354 243 411 Lustravere
260 355 288 409 in
306 357 391 425 equis,
409 357 584 427 ululatusque
603 378 650 414 ore
668 362 780 417 dedere.
893 379 929 417 ico

78 433 223 502 Spargitur
240 437 269 486 et
286 433 368 486 tellus
385 434 511 502 lacrimis,
529 441 692 504 sparguntur
710 442 739 492 et
756 455 838 494 arma

80 509 108 564 It
125 511 200 564 caelo
218 510 373 579 clamorque
391 511 479 564 virum
498 511 662 581 clangorque
679 514 816 568 tubarum.

79 586 152 640 Hinc
170 581 217 640 alii
234 585 320 654 spolia
337 587 432 640 occisis
446 588 562 657 derepta
580 588 686 642 Latinis

79 660 233 716 Coniiciunt
249 661 314 730 igni,
333 663 425 730 galeas
443 680 577 732 ensesque
596 664 709 718 decoros

79 737 224 807 Frenaque
241 738 428 807 ferventisque
446 743 536 804 rotas;
552 756 617 808 pars
635 757 748 794 mmrera
764 746 838 811 nota,
894 759 929 797 105

81 813 206 883 Ipsorum
223 815 324 884 clipeos
341 818 370 868 et
387 831 440 868 non
457 815 546 868 felicia
563 818 627 870 tela.

79 890 168 944 Multa
186 890 269 944 boum
287 890 360 944 eirca
378 894 532 944 mactantur
550 909 664 960 corpora
681 894 771 960 morti,

80 966 291 1035 Saetigerosque
308 974 370 1020 sues
387 976 535 1035 raptusque
553 985 588 1020 ex
606 967 734 1019 omnibus
752 971 825 1035 agris

81 1040 114 1095 In
132 1041 268 1095 flammam
285 1042 410 1110 iugulant
428 1043 554 1109 pecudes.
591 1043 659 1095 Tum
678 1042 759 1096 litore
777 1048 835 1097 toto

79 1117 214 1171 Ardentis
232 1121 358 1186 spectant
376 1118 469 1184 socios,
488 1118 674 1185 semiustaque
693 1123 804 1172 servant
892 1135 929 1173 aar

80 1193 173 1260 Busta,
191 1209 281 1262 neque
298 1193 377 1247 avelli
395 1197 516 1261 possunt,
534 1210 588 1246 nox
606 1193 719 1246 humida
737 1195 824 1247 donec

80 1269 198 1324 invertit
216 1270 320 1323 caelum
338 1269 424 1323 stellis
442 1269 602 1322 ardentibus
620 1273 722 1336 aptum.

115 1344 173 1398 Nec
190 1346 278 1398 minus
295 1349 324 1399 et
342 1345 434 1398 miseri
453 1345 562 1398 divorsa
580 1346 608 1397 in
625 1349 705 1413 parte
725 1345 815 1398 Latini

81 1421 241 1475 Innumeras
259 1425 384 1474 struxere
401 1438 496 1488 pyras3
515 1429 543 1474 ct
561 1438 674 1490 corpora
690 1422 791 1489 partim

80 1496 169 1550 Multa
187 1497 275 1550 virum
293 1500 385 1552 terrae
402 1497 546 1562 infodiunt,
565 1500 714 1565 avectaque
731 1497 832 1565 partim
894 1513 930 1552 aaa

81 1571 223 1627 Finitimos
241 1573 341 1628 tollunt
358 1574 386 1626 in
404 1590 490 1641 agros,
507 1573 624 1641 urbique
642 1573 806 1638 rcrnittunt;

81 1647 187 1717 Cetera,
204 1650 385 1717 confusaeque
403 1650 541 1717 ingentem
560 1649 651 1702 caedis
668 1665 802 1715 acervum,

81 1724 138 1778 Nec
150 1741 262 1778 numero
274 1742 324 1778 nec
336 1725 437 1778 bonore
451 1729 586 1789 cremant;
599 1729 665 1778 tunc
676 1724 798 1793 undique
810 1727 882 1779 vasti

81 1800 214 1854 Certatim
233 1801 334 1854 crebris
352 1801 495 1853 conlucent
514 1801 621 1868 ignibus
639 1801 704 1867 agri.

80 1875 172 1930 'l'ertia
188 1877 236 1930 lux
253 1877 371 1944 gelidam
390 1877 463 1929 caelo
483 1876 634 1930 dimoverat
651 1875 790 1929 umbram:
895 1890 931 1928 210

81 1951 237 2006 Maerentes
255 1953 340 2006 altum
360 1953 478 2005 cinerem
498 1958 527 2005 ct
545 1952 656 2004 confusa
674 1950 791 2004 ruebant

81 2027 150 2080 Ossa
166 2028 240 2094 iocis,
259 2028 407 2097 tepidoque
426 2027 577 2081 onerabant
595 2044 694 2095 aggere
713 2031 811 2081 terrae.

82 2103 141 2156 Iam
159 2120 223 2157 vero
240 2104 268 2157 in
286 2105 375 2170 tectis,
393 2104 553 2172 praedivitis
572 2104 639 2156 urbe
658 2103 757 2168 Latini,

82 2179 247 2249 Praecipuus
264 2180 358 2247 fragor
376 2184 404 2234 ct
421 2181 494 2242 longi
512 2197 576 2247 pars
594 2195 721 2232 maxuma
738 2179 834 2233 luctus.

83 2254 135 2313 Hic
152 2260 256 2310 matres
274 2256 444 2323 miseraeque
463 2272 554 2320 nurus,
574 2255 617 2307 hic
635 2271 697 2306 cara
716 2271 838 2308 sororum
896 2271 932 2309 215

84 2328 197 2385 Pectora
215 2336 393 2397 maerentum,
412 2331 543 2397 puerique
561 2330 721 2397 parentibus
740 2329 811 2394 orbi,

83 2407 179 2460 Dirum
197 2411 372 2461 exsecrantur
390 2407 490 2459 bellurn
510 2406 648 2473 Turnique
666 2405 840 2472 hymenaeos;

85 2481 176 2550 Ipsum
194 2483 284 2550 armis,
302 2483 446 2550 ipsumque
464 2481 560 2534 iubent
579 2480 726 2533 decernere
744 2481 824 2548 ferro,

83 2557 133 2622 Qui
152 2575 266 2626 regnum
286 2559 382 2612 ltaliae
400 2560 429 2610 et
446 2556 548 2624 primos
568 2557 618 2609 sibi
637 2559 731 2624 poscat
749 2556 872 2610 honores.

83 2635 213 2701 lngravat
231 2635 297 2688 haec
316 2649 411 2687 saevus
430 2633 557 2699 Drances,
577 2631 717 2698 solumque
735 2632 825 2684 vocari
895 2645 931 2683 am

82 2710 217 2777 Testatur,
236 2709 323 2764 solum
341 2709 414 2778 posci
433 2708 461 2760 in
480 2709 629 2761 certamina
647 2708 774 2761 Turnum.

82 2786 171 2839 Multa
189 2785 268 2838 simul
286 2790 382 2839 contra
400 2785 481 2837 variis
500 2783 637 2837 sententia
655 2783 738 2836 dictis

84 2863 136 2916 Pro
155 2862 259 2926 Turno;
284 2865 312 2915 et
330 2877 458 2928 magnum
476 2859 586 2927 reginae
604 2874 703 2911 nomen
721 2857 882 2921 obumbrat;

84 2936 172 2991 Multa
189 2936 277 2991 virum
295 2936 401 2989 meritis
419 2938 556 2988 sustentat
573 2934 647 2986 fama
664 2932 791 3001 tropaeis.

119 3013 178 3064 Hos
195 3012 268 3065 inter
285 3015 382 3076 motus,
400 3010 491 3062 medio
509 3009 537 3062 in
555 3009 688 3075 flagrante
706 3007 834 3074 tumultu,
896 3021 932 3060 rae

85 3089 154 3142 Ecce
172 3104 254 3156 super
270 3086 369 3140 maesti
386 3101 486 3152 magna
504 3084 645 3137 Diomedis
662 3083 697 3137 ab
715 3083 784 3136 urbe

85 3162 181 3232 Legati
199 3177 329 3231 responsa
345 3160 450 3216 ferunt:
473 3159 540 3214 nibil
559 3158 684 3213 omnibus
702 3161 793 3212 actum
