2032 3524
329 113 533 163 GEORGIOON
552 111 621 160 LlB.
641 111 687 160 lV.
897 109 927 158 73

78 201 181 257 Sideris
198 205 225 252 m
243 213 383 251 numerum
401 197 484 262 atque
501 193 556 246 alto
575 191 719 245 succedere
736 190 816 245 caele.

114 277 142 332 Si
161 274 270 344 quando
289 273 381 325 sedem
400 273 543 337 angustam
563 273 722 336 servataque
738 266 818 319 mella

79 352 223 405 Thesauris
241 350 347 414 relines,
366 348 440 416 prius
458 346 558 398 haustu
576 361 685 413 sparsus
703 359 833 411 aquarum

18 423 21 429 ’
79 428 135 481 Ora
153 426 380 493 fove,fi1mosque
398 441 479 476 mann
497 421 648 490 praetende
667 419 795 487 sequacis.

79 504 127 557 Bis
145 501 272 570 gravidos
290 503 389 567 cogunt
407 499 488 565 fetus,
507 499 561 551 duo
579 501 701 564 tempora
718 494 821 563 messis,

80 581 199 647 Taygete
218 577 294 630 simul
312 592 343 628 os
361 576 443 628 terris
461 575 582 627 ostendit
600 572 745 625 honestum

81 655 152 707 Plias
170 657 199 706 et
218 652 317 704 Oceani
336 654 442 718 spretos
460 650 531 718 pede
549 648 668 717 reppulit
685 649 779 714 amnia,

83 734 139 783 rint
157 729 253 782 eadem
272 728 346 780 sidus
363 727 469 794 fugiens
487 726 533 779 ubi
552 725 636 778 Piscis
654 725 746 791 aquosi

80 805 193 858 ‘'l'ristior
212 803 339 857 hibernas
357 803 430 856 caelo
449 801 590 855 descendit
607 801 635 852 in
653 800 747 853 undas.
866 862 871 870 ,

83 881 139 933 Illis
156 881 197 932 ira
215 879 325 931 modum
344 896 425 946 supra
443 881 493 944 est,
511 878 653 945 laesaeque
671 892 803 929 venenum

81 954 216 1009 Morsibus
234 955 373 1021 inspirant,
393 959 422 1007 et
440 953 541 1021 spicula
559 970 637 1006 caeca
655 952 810 1019 relinquunt

84 1031 199 1084 Adfixae
217 1031 299 1096 venis,
317 1031 472 1098 animasque
490 1029 518 1080 in
536 1029 644 1081 volnere
663 1031 772 1095 ponunt.

81 1108 127 1160 Sin
146 1106 242 1159 duram
260 1109 366 1158 metues
384 1106 501 1158 hiemem
519 1122 668 1173 parcesque
686 1104 778 1157 futuro

81 1184 286 1248 Contunsosque
304 1183 407 1234 anirnos
425 1186 453 1234 et
471 1197 515 1233 res
533 1180 698 1233 miserabere
716 1181 829 1233 fractas:

83 1260 121 1310 At
140 1257 230 1309 suffire
249 1257 342 1324 thymo
360 1273 491 1325 cerasque
509 1256 632 1309 recidere
649 1257 735 1309 inanis

83 1333 149 1397 Quis
168 1333 291 1386 dubitetl
306 1350 376 1393 ¹nam
396 1350 476 1401 saepe
494 1333 569 1385 faros
587 1333 697 1399 ignotus
715 1331 808 1384 adedit

82 1402 177 1460 Stellio
196 1412 224 1461 et
242 1409 366 1475 lucifugis
385 1413 513 1476 congesta
531 1408 629 1461 cubilia
647 1408 742 1461 blattis

83 1484 269 1553 Immunisque
288 1485 386 1538 sedens
399 1486 491 1538 ¹aliena
508 1485 544 1537 ad
561 1484 661 1552 pabula
679 1485 764 1551 fucus,

84 1563 142 1613 Aut
160 1578 239 1628 asper
256 1560 353 1614 crabro
370 1562 509 1629 inparibus
528 1579 557 1614 so
574 1562 711 1614 inmiscuit
729 1561 818 1624 armis,

83 1637 141 1689 Aut
160 1637 257 1703 dirum,
275 1639 367 1704 tiniae,
385 1654 478 1704 genus,
497 1641 544 1689 aut
561 1637 647 1690 invisa
666 1638 805 1689 Minervae

83 1712 171 1764 Laxos
189 1713 216 1764 in
234 1713 337 1766 foribus
355 1713 496 1781 suspendit
514 1729 613 1765 aranea
631 1729 726 1766 casses.

83 1788 141 1850 Quo
160 1789 245 1855 magis
264 1789 412 1842 exhaustae
430 1789 537 1851 fuerint
555 1789 606 1842 hoe
624 1790 711 1841 acrius
729 1805 822 1842 omnes

84 1864 246 1917 Incumbent
263 1866 371 1931 generis
389 1866 456 1932 lapsi
476 1865 575 1918 sarcire
592 1866 690 1931 nunus,

83 1940 308 2006 Conplcbuntqne
325 1941 399 1992 foros
417 1944 446 1992 et
465 1940 575 1992 floribus
592 1941 689 1994 horrea
707 1944 808 1994 tenent.

118 2015 145 2067 Si
164 2032 233 2078 vero,
252 2016 377 2081 qnoniam
396 2032 473 2066 casus
491 2016 585 2081 apibus
604 2033 710 2084 qnoque
728 2021 836 2068 nostros

85 2091 150 2142 Vita
169 2091 238 2155 tulit,
258 2091 330 2142 tristi
349 2090 517 2155 languebunt
535 2106 647 2156 corpora
664 2092 759 2143 morbo
769 2113 809 2154 ;—

85 2165 163 2229 Quod
181 2166 234 2217 iam
253 2182 306 2217 non
325 2165 414 2217 dubiis
432 2166 535 2231 poteris
554 2182 715 2232 cognoscere
734 2168 829 2233 signis:

85 2242 217 2295 Continuo
236 2246 279 2295 est
297 2242 386 2309 aegris
405 2242 472 2293 alius
491 2241 578 2305 color;
597 2242 709 2294 horrida
727 2243 830 2295 voltum

85 2318 227 2372 Deformat
245 2314 358 2383 macies;
380 2323 437 2371 tum
456 2335 569 2386 corpora
587 2318 646 2371 lnce
664 2322 804 2371 carentum

86 2395 238 2462 Expertant
256 2396 336 2448 tectis
355 2399 383 2448 et
402 2395 492 2449 tristia
509 2395 604 2447 funera
624 2395 741 2459 ducunt;

88 2473 144 2522 Aut
162 2470 225 2523 illae
244 2472 361 2538 pedibus
380 2489 517 2524 connexae
535 2471 571 2524 ad
589 2472 682 2526 limina
700 2472 829 2538 pendent,

88 2549 145 2598 Ant
161 2546 234 2598 intus
252 2547 349 2601 clausis
367 2552 529 2601 cunctantur
547 2549 574 2600 in
594 2549 713 2615 aedibus,
733 2564 825 2600 omnes

91 2637 259 2690 ignavaeque
277 2625 349 2678 fame
368 2628 396 2676 et
415 2628 553 2677 contracto
572 2625 671 2692 frigore
689 2625 789 2692 pigrae.

86 2696 153 2748 Tum
172 2715 251 2751 sonus
270 2701 381 2753 auditur
398 2701 513 2766 gratior,
533 2703 698 2770 tractimque
717 2703 865 2763 susurrant,
902 2708 937 2758 ace

90 2772 215 2839 Frigidus
232 2778 263 2826 ut
281 2776 418 2843 quondam
437 2777 510 2828 silvis
528 2777 708 2829 inmurmurat
727 2779 845 2837 Auster;

88 2847 127 2900 Ut
144 2864 219 2900 mare
238 2851 379 2904 sollicitum
399 2852 491 2905 stridit
510 2852 687 2906 refluentibus
704 2851 798 2913 undis;

87 2924 207 2976 Aestuat
224 2929 255 2977 ut
273 2927 369 2979 clausis
388 2928 499 2995 rapidus
518 2929 671 2982 fornacibus
689 2928 767 2994 ignis.

90 2998 141 3050 Hic
159 2999 212 3052 iam
230 3001 376 3068 galbaneos
395 3003 515 3055 suadebo
532 3003 677 3056 incendere
695 3002 800 3066 odores,

88 3072 225 3141 Mellaque
243 3077 400 3130 arundineis
418 3078 519 3131 inferre
537 3079 681 3142 canalibus,
698 3078 770 3130 ultro

88 3148 253 3206 Hortantem
272 3157 301 3205 et
319 3153 404 3205 fessas
422 3153 458 3205 ad
475 3154 576 3220 pabula
594 3157 658 3207 nota
675 3157 823 3207 vocantem.
