2032 3524
89 45 264 242 oz

93 195 307 341 3552ss

389 439 624 507 LECTORI.

460 668 560 690 —-÷——

140 861 184 914 Du
200 862 250 916 hac
268 877 329 917 mea
346 865 434 932 opella
451 881 504 917 non
523 868 566 918 est
583 881 632 918 cur
649 863 736 918 multa
752 863 847 918 dicam.
877 864 932 918 Vo-

88 953 191 1008 lueram
211 960 287 1010 certe
306 961 400 1012 textus
419 960 570 1027 Vergiliani
590 959 775 1012 recensionem
797 961 933 1012 nonanto

87 1047 215 1101 emittere
234 1065 315 1116 quam
327 1053 390 1116 post
401 1050 554 1103 absolutum
572 1050 648 1103 illum
660 1050 737 1103 cuius
748 1050 860 1103 tertiam
871 1066 931 1119 par-

87 1143 226 1193 tenuante
247 1140 351 1209 aliquot
374 1156 483 1204 menses
507 1141 581 1194 edidi
606 1141 845 1194 commentarium:
870 1157 931 1209 cum

86 1236 179 1286 autem
202 1233 319 1286 instaret
337 1233 502 1300 redemptor,
520 1233 668 1287 consultius
686 1233 798 1287 tandem
817 1233 883 1286 duxi
900 1237 932 1286 ut

86 1327 153 1395 quid
180 1343 288 1394 possem
310 1327 368 1394 ipse
391 1327 530 1395 experirer
554 1344 635 1395 quam
653 1331 685 1380 ut
703 1327 772 1380 alius
799 1327 931 1380 minorem

85 1417 153 1470 alius
170 1419 299 1471 maiorem
317 1418 467 1472 editionem
485 1418 582 1472 iisdem
601 1419 704 1473 scilicet
715 1419 843 1487 auspiciis
855 1436 931 1474 cura-

85 1515 134 1565 ret.
171 1512 252 1566 Unde
263 1512 364 1565 factum
377 1515 463 1565 estut
474 1511 615 1565 nonnullas
632 1512 762 1566 lectiones
774 1511 930 1566 admiserim

84 1621 198 1672 quarum
216 1608 265 1658 aut
281 1621 351 1658 nunc
369 1605 493 1673 poenitet
511 1608 559 1657 aut
576 1604 688 1672 posthac
700 1605 821 1660 'sortasse
838 1607 931 1674 poeni-

83 1697 161 1752 tebit.
197 1697 285 1751 Verbi
310 1714 398 1765 causa‚
425 1715 456 1751 re
482 1698 615 1751 maturius
640 1715 781 1767 perpensa,
807 1700 835 1750 iu
857 1701 930 1753 Aea.

83 1790 128 1844 lib.
142 1807 183 1845 111.
197 1796 255 1856 614,
275 1791 399 1856 nominc,
422 1791 449 1842 in
462 1792 532 1844 Aera.
551 1791 598 1844 lib.
612 1806 649 1845 vr.
664 1795 715 1844 332
738 1791 835 1844 oriimi
853 1807 930 1859 prae

81 1883 224 1938 serendum
237 1901 341 1950 censeo,
354 1884 409 1937 illic
421 1885 539 1938 Medicei
552 1885 721 1953 aliorumque
733 1884 856 1938 codicum
868 1902 930 1939 auc·

81 1978 203 2043 toritate,
212 1977 257 2029 hic
269 1977 370 2044 partim
383 1977 506 2029 eiusdem
522 1978 641 2030 Medicei
653 1979 817 2032 auctoritate
829 1980 929 2047 partim

80 2071 132 2124 loci
149 2070 272 2136 germani
291 2070 363 2122 Aeo.
376 2069 421 2122 lib.
435 2087 460 2122 x.
475 2076 532 2138 686,
550 2070 597 2122 ubi
616 2071 723 2124 codices
741 2072 861 2139 potiores
880 2089 929 2140 pro

80 2165 177 2218 animi
194 2167 324 2233 pugnant,
337 2164 493 2218 testimonio
508 2168 656 2233 permotus.
693 2164 848 2217 Dolendum
865 2181 929 2219 sano

80 2264 138 2330 hoc,
153 2278 242 2329 neque
258 2265 350 2315 tamen
366 2262 452 2330 pluris
468 2279 556 2331 aequo
570 2263 734 2316 faciendum.
771 2263 878 2331 Quippe
896 2279 929 2317 ea

80 2359 124 2410 est
144 2354 226 2409 hodie
242 2358 335 2409 textus
348 2355 499 2422 Vergiliani
515 2356 635 2409 conditio
653 2359 684 2409 ut
702 2356 749 2424 qui
767 2355 872 2408 modica
889 2357 928 2409 rei

79 2450 190 2503 criticae
209 2451 323 2502 scientia
342 2449 492 2502 instructus
511 2465 607 2502 novam
626 2451 725 2516 poetae
744 2448 928 2502 recensionem

79 2544 224 2597 instituere
240 2544 306 2596 velit
319 2544 364 2596 vix
383 2544 554 2597 committere
572 2543 660 2611 possit
678 2547 709 2595 ut
728 2559 786 2596 rem
803 2559 857 2596 non
870 2544 928 2597 ieli-

79 2637 150 2691 citer
172 2641 259 2704 gerat,
278 2637 359 2690 morlo
381 2623 423 2704 ne,
442 2641 474 2691 ut
491 2654 578 2705 nuper
595 2653 612 2690 a
629 2653 684 2689 non
701 2637 809 2690 nemine
825 2637 927 2690 iactum

80 2734 130 2797 cst,
150 2730 178 2782 in
198 2733 276 2783 tanta
294 2729 427 2782 librorum
447 2730 693 2798 manuscriptorum
712 2729 789 2797 copia
808 2732 857 2782 aut
873 2729 928 2783 suis
965 2749 970 2763 ¹

80 2827 128 2878 aut
144 2823 239 2877 alienis
257 2822 419 2876 coniecturis
437 2822 575 2876 abutatur.
612 2821 685 2874 Illud
698 2838 762 2875 vero
778 2823 926 2890 optandum

80 2919 112 2970 ut
123 2917 175 2985 ipsi
188 2916 303 2982 codices,
320 2916 482 2982 praesertim
496 2916 633 2968 Romanus
648 2915 850 2983 Palatinusque‚
870 2917 928 2969 dili-

81 3010 189 3076 gentius
206 3009 395 3062 excutiantur:
420 3007 450 3060 id
468 3009 541 3074 quod
555 3008 575 3060 'a
593 3006 752 3060 doctissimo
774 3007 924 3062 Ribbeckio

82 3103 243 3157 iarrulmlum
256 3106 453 3171 exspectamus.
