2032 3524
334 100 519 180 ausonios.
555 131 630 181 noa.
650 132 682 180 x,
906 134 936 181 as

86 210 111 263 N
113 227 148 264 on
166 210 242 265 ilium
261 211 347 264 nostri
364 215 479 279 possunt
496 216 605 267 mutare
622 213 735 281 labores,

85 285 145 339 Noc
162 288 184 339 si
201 286 348 354 frigoribus
366 288 464 341 mediis
484 289 664 357 Hebrumque
684 289 807 343 bibamus
842 301 845 308 '
912 307 938 346 oo

85 363 278 432 Sithoniasque
296 365 371 417 nives
389 365 485 418 hiemis
502 365 653 419 subeamusv
665 384 790 434 aquosae,

59 438 145 492 -Noc
162 440 193 506 si,
212 457 273 492 cum
292 442 409 494 moriens
428 442 484 494 ulta
501 441 572 515 liber
590 441 696 495 aretin
714 443 793 510 ulmo,

89 514 254 584 Aethiopum
273 533 412 571 versemus
431 517 488 570 ovis
506 517 557 570 sub
575 518 666 572 sidero
685 518 791 572 Cancri.

85 590 185 645 Omnia
202 592 286 646 vincit
306 595 407 659 Amor3
429 597 458 647 et
475 610 524 647 nos
542 593 670 648 cedamus
690 594 795 649 Amori.

122 668 200 723 Haec
218 672 261 722 sat
278 671 339 736 crit,
356 669 443 738 diuae,
461 674 583 723 vestrum
602 671 733 724 cecinisse
749 675 866 741 poetam,
912 687 938 728 νο

86 743 160 798 Dum
177 745 303 799 sedetet
320 747 415 814 gracili
433 747 562 800 fiscellam
579 747 653 801 texit
670 747 780 816 hibisco,

87 821 226 882 Pierides:
245 838 293 875 vos
310 823 377 876 haec
394 814 644 878 facietismaxuma
663 823 749 891 Gallo,

86 896 173 964 Gallo,
191 899 266 951 cuius
285 915 360 952 amor
378 903 485 953 tantum
504 900 571 953 mihi
589 900 688 954 crescit
705 901 733 953 in
747 902 837 968 horas,

86 974 224 1039 Quantum
243 991 306 1028 vere
323 992 392 1029 novo
410 975 506 1028 viridis
524 993 554 1029 se
572 976 682 1030 subiicit
698 977 782 1030 alnus.

85 1050 248 1117 Surgamus:
270 1052 339 1104 solet
357 1068 416 1105 esse
434 1052 524 1119 gravis
542 1052 714 1106 cantantibus
732 1053 844 1119 umbra3
913 1067 937 1107 rs

88 1126 211 1194 Iunipori
229 1127 318 1195 gravis
335 1127 447 1193 umbra3
468 1133 567 1182 nocent
585 1131 614 1181 et
630 1123 756 1196 frugibus
773 1129 892 1183 umbrae.

88 1202 134 1256 lte
152 1201 262 1254 domum
280 1207 397 1265 saturae,
415 1205 490 1258 venit
506 1205 657 1278 Hesperus,
678 1204 715 1260 ito
733 1204 859 1265 curcllao.
