2032 3524
338 109 520 157 AENEIDOS
542 109 610 160 LIB.
633 110 682 158 IV.
886 115 931 162 159

81 194 225 260 Karthago
236 193 285 245 aut
296 190 410 259 antiqua
421 189 512 257 Tyros,
525 189 703 262 flammaeque
714 193 837 248 furentes
896 205 933 249 eto

79 269 205 322 Culmiua
222 284 325 336 perque
342 267 481 319 hominum
499 265 642 321 volvantur
659 287 763 339 perque
782 269 902 323 deorum

81 345 180 401 Audiit
199 345 336 411 exanimis,
355 342 519 411 trepidoque
538 346 673 399 exterrita
691 362 772 400 cursu

80 420 225 489 Unguibus
243 437 291 473 era
310 437 385 473 soror
403 419 515 472 foedans
533 422 562 472 et
579 426 692 488 pectora
710 423 806 491 pugnis

80 497 135 550 Per
152 497 257 551 medios
274 498 338 564 ruit,
356 513 387 550 ao
406 496 567 549 morientem
586 499 692 552 nomino
709 499 822 552 clamat:

81 573 141 626 Hoc
157 573 233 640 illud,
250 590 387 641 germana,
406 572 476 626 fuiti
495 589 539 625 me
556 558 803 642 fraude'petebasi
895 589 933 628 ovs

81 650 140 702 Hoc
158 666 240 716 rogus
256 650 310 702 iste
328 649 400 715 mihi,
419 649 469 702 hoe
487 648 563 716 ignes
581 667 699 719 araeque
717 651 868 720 parabant?

79 726 152 790 Quid
169 727 286 794 primum
306 725 417 779 deserta
435 726 550 792 quereri
568 728 730 781 comitemne
743 735 870 781 'sororem

79 802 212 870 sprevisti
230 803 362 856 moriensi
400 802 503 854 liudem
521 819 565 854 me
584 803 620 855 ad
638 804 695 857 sata
712 821 835 858 vocasses
845 825 851 868 ;

82 879 159 931 Idem
177 879 270 931 ambas
288 879 360 931 ferro
378 878 462 945 dolor,
482 881 565 946 atque
583 879 680 932 eadem
698 880 765 932 hora
782 881 897 934 tulisset

80 955 131 1007 llis
150 957 233 1008 etiam
248 956 339 1008 struxi
358 955 487 1021 manibus,
505 956 663 1024 patriosque
681 958 772 1009 vocavi
896 971 933 1011 oso

80 1031 153 1085 Voce
172 1032 245 1100 deos,
263 1033 300 1084 sic
318 1035 346 1084 te
364 1035 396 1083 ut
413 1031 500 1100 posita
517 1031 636 1084 crudelis
652 1032 794 1085 abessem?

80 1108 219 1161 Exstinxti
236 1113 265 1160 te
283 1124 388 1175 meque,
407 1123 490 1173 soror,
509 1106 693 1175 populumque
711 1111 856 1174 patresque

78 1183 204 1236 Sidonios
221 1183 372 1249 urbemque
389 1186 472 1235 tuam.
510 1183 582 1234 Dato
599 1182 708 1235 volnera
724 1183 846 1250 lymphis,

81 1259 206 1326 Abluam,
225 1263 261 1326 et,
280 1262 418 1312 extremus
436 1259 459 1311 si
477 1258 537 1326 quis
558 1275 639 1327 super
657 1257 758 1312 halitus
775 1262 858 1326 errat,

79 1335 135 1388 Ore
153 1336 248 1403 legam.
285 1335 329 1389 Sic
346 1335 403 1388 fata
420 1335 521 1403 gradus
540 1339 664 1389 evaserat
680 1335 760 1402 altos,
895 1351 933 1389 eso

79 1412 325 1480 Semianimemque
344 1413 403 1465 sinu
420 1429 577 1481 germanam
595 1413 719 1481 amplexa
738 1411 849 1465 fovebat

78 1488 148 1541 Cum
165 1489 278 1556 gemitu,
295 1492 379 1556 atque
397 1493 472 1542 atros
491 1487 611 1542 siccabat·
628 1493 704 1542 veste
722 1505 840 1542 cruores.

81 1565 139 1631 llla,
156 1566 246 1632 gravis
263 1565 355 1619 oeulos
373 1568 470 1621 conato
487 1565 622 1631 attollere,
641 1580 736 1618 rursus

80 1640 193 1707 Defieit;
210 1642 323 1695 infixum
341 1641 435 1695 stridit
453 1641 504 1694 sub
521 1644 633 1710 pectore
651 1641 754 1695 volnus.

78 1717 132 1770 'lor
148 1734 209 1772 sese
226 1719 353 1772 attollens
371 1718 520 1786 cubitoque
538 1718 638 1771 adnixa
656 1717 770 1781 levavit3
894 1729 932 1770 ooo

78 1793 131 1845 Ter
148 1794 271 1847 revoluta
288 1798 349 1848 toro
367 1799 418 1862 est,
436 1795 574 1863 oculisque
593 1794 749 1847 errantibus
766 1792 823 1846 alto

78 1869 217 1931 Quaesivit
234 1870 308 1923 eaelo
326 1871 422 1936 lucem,
441 1871 630 1938 ingemuitque
648 1873 765 1938 reperta.

113 1945 181 1997 'lum
200 1945 269 1997 Iuno
287 1948 464 2013 omnipotens,
481 1947 592 2012 longum
610 1947 739 1999 miserata
757 1945 879 1998 dolorem

80 2019 255 2086 llifficilisque
273 2021 372 2088 obitus,
391 2022 459 2072 Irim
478 2021 588 2073 demisit
608 2021 729 2089 Olympo,

80 2095 155 2154 Quae
167 2094 316 2147 luctantem
329 2096 446 2148 animam
458 2112 598 2164 nexosque
611 2096 761 2149 resolveret
773 2103 856 2149 artus.
895 2111 931 2150 ooo

79 2170 104 2222 N
107 2187 151 2222 am
169 2170 232 2238 quia
250 2187 299 2224 nec
316 2172 381 2238 fato,
400 2171 500 2226 merita
517 2187 566 2224 nec
584 2175 672 2225 morto
689 2172 804 2240 peribat,

78 2245 134 2298 Sed
152 2247 252 2300 misera
269 2252 333 2300 ante
352 2249 432 2312 diem,
450 2248 597 2316 subitoque
616 2264 728 2302 accensa
745 2248 844 2316 furore,

79 2323 104 2374 N
107 2322 208 2376 omlmn
225 2323 263 2376 illi
281 2323 379 2377 flavum
399 2325 560 2393 Proserpina
578 2325 680 2378 vortice
697 2325 798 2379 crinem

81 2399 249 2468 Abstulerat,
269 2400 417 2470 Stygioque
435 2404 517 2470 caput
532 2400 713 2455 damnaverat
731 2402 809 2456 Orco.

81 2476 151 2543 Ergo
171 2477 224 2530 Iris
242 2478 344 2531 croceis
361 2495 411 2546 per
428 2478 531 2530 caelum
551 2476 657 2531 roseida
675 2479 781 2547 pennis,
895 2492 931 2534 70⁰

79 2552 154 2605 Mille
172 2554 281 2607 trahens
299 2554 389 2607 varios
406 2553 521 2607 adverso
540 2553 597 2610 sele
616 2554 729 2621 colores,

78 2629 200 2697 Devolat,
219 2633 248 2683 et
266 2647 347 2698 supra
364 2633 447 2699 eaput
465 2630 587 2684 adstitit:
608 2630 689 2684 Hunc
707 2647 758 2698 ego
778 2629 836 2683 Diti

77 2704 281 2775 Sacrum'iussa
297 2707 363 2774 fero,
383 2711 466 2776 teque
483 2707 538 2761 isto
555 2722 670 2775 corpere
688 2707 768 2760 solvo.

78 2779 123 2831 Sic
140 2780 185 2846 ait,
202 2783 233 2833 et
250 2780 349 2835 dextra
365 2783 468 2836 crinem
486 2786 574 2838 secat:
593 2783 679 2835 omnis
698 2786 727 2836 et
744 2799 797 2836 uua

60 2854 206 2922 ,Dilapsus
224 2855 303 2924 calor,
321 2860 405 2926 atque
422 2859 451 2912 in
469 2863 566 2914 ventos
583 2857 641 2914 vita
658 2858 779 2912 recessit.
885 2869 931 2913 *m
