2032 3524
90 114 120 159 el
319 108 349 159 P.
367 109 522 157 VERGILI
539 110 706 159 Mnuouls

90 195 186 248 Incute
204 194 257 245 rim
276 192 364 245 ventis
382 191 590 259 submersasque
608 192 694 247 ebme
712 194 819 264 puppis,

90 272 148 325 Aut
166 287 216 336 age
234 269 355 321 diversos
373 271 402 321 et
419 268 513 321 disiice
530 284 644 337 corpora
661 274 753 338 ponto.
918 286 946 329 ro

90 347 158 401 Sunt
177 345 241 398 milri
260 345 301 397 nis
320 350 425 413 septem
443 345 596 413 praestanti
614 362 727 413 corpere
744 346 895 416 Nymphae,

90 424 210 487 Quarum
229 438 298 489 qaum
316 422 403 473 forma
421 419 603 488 prdclrerriura
623 420 750 489 Deiopea,

90 498 230 553 Commbio
248 498 357 565 iungam
376 496 468 549 stabili
486 497 678 565 propriamque
696 496 800 566 dicabo,

90 577 184 629 Omnis
203 578 234 627 ut
251 578 342 627 tecum
360 573 465 627 meritis
483 589 533 641 pro
551 573 652 626 talibus
670 589 755 627 anuos

90 652 189 719 Erigat
208 659 237 705 et
255 649 367 719 pulchra
384 650 466 703 faciat
483 654 513 702 te
530 648 607 717 prole
625 653 773 717 parentem
919 668 944 709 rs

126 728 229 781 Aeolus
246 727 314 779 haec
332 731 440 779 contar:
460 725 541 791 Tuus,
559 741 576 777 o
594 726 695 793 regina,
713 725 781 794 quid
797 730 885 795 optes,

91 804 240 871 Explonrre
258 802 348 865 lnl›or;
366 801 431 855 milri
448 801 521 854 iussa
538 818 681 869 capessere
697 802 738 855 las
755 806 805 857 est

90 880 130 933 'ln
149 880 220 946 milri,
240 878 429 948 quodcumque
447 876 497 929 lroe
517 877 600 944 regin,
618 880 649 931 tu
666 880 776 946 sceptra
794 878 945 946 leuemque

91 957 231 1017 (lira-ilias,
249 959 280 1008 tn
299 953 348 1006 das
367 952 453 1022 epulis
472 952 630 1006 accumbere
648 953 746 1021 divom,

91 1032 305 1098 Nimlanumque
323 1030 389 1082 lacis
406 1032 654 1097 tempestatumque
671 1032 818 1097 potentem
919 1046 946 1085 ee

127 1109 203 1161 llaec
221 1108 267 1161 ubi
285 1107 366 1173 dicta,
384 1122 479 1160 carum
498 1122 628 1159 conversa
647 1106 758 1174 cuspide
775 1110 896 1161 montem

92 1185 196 1253 Inpulit
213 1185 242 1238 in
260 1185 345 1238 letus:
365 1200 396 1236 ae
414 1182 496 1249 venti,
514 1181 589 1235 velut
607 1183 715 1250 agurine
732 1183 809 1249 lecto,

92 1261 151 1324 Qua
170 1263 235 1314 datu
254 1264 341 1329 porta
361 1262 444 1311 ruunt
462 1263 490 1311 ct
509 1261 598 1311 terres
616 1257 727 1311 turbine
742 1257 868 1322 perflant

93 1337 244 1389 Incubuere
262 1336 339 1397 mari,
357 1338 500 1401 totumque
519 1351 536 1387 a
554 1334 664 1387 sedibus
682 1334 741 1387 imis

92 1412 151 1464 L'na
175 1414 313 1478 linrusque
333 1410 477 1476 Notusque
495 1414 578 1462 ruunt
595 1409 744 1479 creberque
761 1409 888 1471 procellis
918 1424 946 1465 et

92 1488 207 1550 Africus,
226 1489 256 1540 et
274 1490 365 1539 vastos
383 1485 493 1539 volvunt
510 1485 547 1538 ad
565 1486 645 1539 litora
662 1486 767 1540 fluctus.

94 1563 250 1630 lnsequitur
267 1561 421 1628 clamorque
440 1561 527 1615 virum
546 1562 701 1632 stridorque
719 1563 874 1617 rudentum.

93 1640 218 1706 Eripiunt
236 1638 327 1691 subito
345 1638 431 1691 nubes
450 1638 608 1707 caelumque
626 1638 752 1707 diemque

91 1716 254 1767 'l'encrornm
273 1731 307 1767 ex
326 1714 426 1779 eculis;
445 1719 529 1781 ponto
548 1731 601 1767 nox
619 1713 730 1768 incubet
747 1718 812 1767 atra

94 1792 240 1843 lntonnere
258 1790 320 1858 poli,
340 1795 368 1843 et
386 1790 488 1843 crebris
506 1791 589 1843 micat
608 1790 716 1858 ignibus
734 1789 836 1857 aether,
919 1804 947 1845 aa

95 1868 322 1935 l‘rnescntenrque
340 1867 404 1919 viris
422 1866 560 1919 intentant
579 1867 667 1919 emnia
684 1869 808 1920 mertem.

93 1943 235 2011 Extemplo
255 1946 366 1996 Aeneae
385 1942 528 1995 solvuntur
546 1942 647 2009 frigore
666 1941 804 2007 membra;

95 2021 218 2088 lngcnrit,
236 2024 265 2073 et
283 2019 398 2088 duplicis
416 2019 533 2072 tendens
552 2019 587 2072 ad
607 2019 696 2072 sidera
713 2018 817 2088 palmes

92 2097 165 2148 Talin
183 2113 247 2150 voce
266 2097 364 2150 refert:
384 2096 407 2148 Ο
427 2101 525 2164 terque
544 2099 695 2163 quaterque
712 2093 795 2161 beati,

92 2173 157 2234 (liris
175 2177 238 2226 onte
257 2190 304 2226 ora
322 2178 431 2240 patrum
449 2172 545 2225 Troiae
564 2172 614 2224 sub
632 2170 773 2225 moenibus
789 2168 855 2223 altit
919 2182 947 2223 te

92 2249 212 2314 Contigit
229 2248 373 2317 oppetere!
392 2266 408 2300 o
427 2248 550 2301 Danaum
569 2248 716 2300 fortissime
732 2245 822 2310 gentis

91 2324 208 2391 Tydide!
228 2342 307 2376 nrene
329 2324 417 2376 Iliacis
436 2324 596 2378 occumbere
615 2323 715 2391 campis

91 2399 115 2451 N
119 2417 153 2451 on
171 2400 292 2465 potuisse
311 2402 413 2466 tuaque
431 2400 549 2451 animum
568 2400 638 2452 hanc
656 2398 796 2451 effundere
814 2397 924 2465 dextra,

91 2475 191 2528 Saevus
209 2475 255 2527 ubi
275 2474 414 2528 Aeacidae
432 2474 488 2527 telo
507 2476 579 2529 iacet
599 2476 711 2543 Hector,
728 2472 778 2527 ubi
794 2473 892 2541 iugens

91 2550 238 2618 Sarpedon,
257 2550 304 2603 ubi
323 2555 366 2604 tot
386 2550 483 2604 Simois
500 2556 627 2620 correpta
645 2552 696 2604 snb
713 2550 793 2603 undis
911 2564 950 2605 len

91 2628 173 2679 Scuta
190 2627 276 2679 virmn
295 2627 441 2696 galeasque
462 2632 490 2680 et
508 2629 590 2681 fortia
609 2644 723 2696 corpora
740 2624 841 2681 velvitl

125 2703 199 2755 Talia
217 2704 330 2756 iactanti
348 2706 467 2758 stridens
488 2706 625 2773 Aquilone
643 2702 762 2773 procella

91 2777 190 2831 Velum
209 2780 324 2832 adversa
342 2782 414 2847 ferit,
434 2782 586 2849 llnetusqne
606 2780 751 2834 adsidere
768 2778 849 2833 tollit

92 2856 265 2923 Franguntur
283 2859 368 2922 remi;
385 2862 444 2910 tum
463 2875 544 2925 prora
562 2859 670 2925 avertit,
690 2860 719 2910 et
736 2854 816 2907 undis

92 2931 147 2985 nat
155 2933 226 2986 letus
236 2955 242 2997 ;
254 2934 408 3001 insequitur
417 2934 523 2986 cumulo
536 2938 701 3002 praeruptus
710 2948 797 3001 aquae
806 2946 892 2985 mene.
910 2932 951 2989 Μ’

93 3007 130 3060 1Ιί
149 3027 252 3062 summo
269 3011 297 3062 in
316 3011 400 3063 fluctu
418 3010 554 3075 pendent3
572 3010 614 3063 his
632 3010 706 3062 unda
726 3008 870 3061 dehiscens

92 3085 202 3138 Terram
220 3087 291 3139 inter
309 3086 407 3140 fluctus
425 3086 531 3153 aperit;
548 3086 615 3139 furit
633 3089 724 3138 aestus
743 3082 840 3137 arenis.

92 3159 150 3214 Tris
170 3161 258 3215 Notus
276 3162 404 3231 abreptus
422 3163 449 3216 in
469 3179 533 3215 sara
551 3161 666 3215 latentia
684 3160 832 3227 torquet-
