2032 3524
357 141 568 190 'GEORGIOON
584 141 655 190 LIB.
674 141 696 190 1.
927 148 957 192 29

109 220 138 273 si
157 222 288 289 superant
304 220 385 289 fetus,
403 222 507 289 pariter
524 222 661 276 frumenta
677 227 834 290 sequentur,

108 297 263 364 Magnaque
281 313 342 349 cum
359 315 458 365 magno
476 300 566 352 veniet
584 300 684 352 tritura
700 300 788 353 calore
797 322 803 366 ;
921 317 958 356 m

109 372 150 424 At
168 373 190 424 si
208 372 315 424 luxuria
332 373 457 426 foliorum
475 374 608 428 exuberat
625 375 728 444 umbra,

107 447 278 516 Nequiquam
298 449 405 516 pinguis
423 450 502 517 palca
520 455 593 504 teret
612 468 676 505 area
693 453 804 507 culmos.

107 524 215 576 Semina
235 524 289 576 vidi
308 525 434 593 equidem
454 527 554 579 multos
572 528 708 582 medicare
726 532 842 584 serentis

107 597 143 654 Et
162 601 234 653 nitro
252 601 326 667 prius
345 604 375 653 et
391 602 469 669 nigra
486 603 651 670 perfundere
669 622 789 674 amurga,

107 675 241 730 Grandior
259 680 290 730 ut
307 677 379 730 fetus
398 679 501 746 siliquis
518 679 658 734 fallacibus
676 686 757 749 esset,
922 696 958 737 19⁵

106 751 150 820 nt,
170 753 291 821 quamvis
308 753 364 821 igni
383 755 488 823 exigua,
507 760 653 824 properata
671 757 822 813 maderent

105 827 170 882 Vidi
188 825 259 883 lecta
278 829 373 883 diuet
391 832 477 884 multo
496 836 620 900 spectata
637 833 731 888 labore

105 903 280 972 Degenerare
299 909 399 974 tamen,
419 908 445 960 ni
464 908 504 960 vis
522 907 639 962 humana
657 914 724 978 quot
742 910 818 963 annis

105 979 235 1034 Maxuma
255 999 378 1051 quaeque
396 1001 479 1036 manu
497 983 611 1051 legeret
649 986 693 1040 Sic
710 987 799 1039 omnia
816 986 880 1040 fatis

107 1056 139 1109 ln
157 1058 235 1124 peius
254 1075 340 1125 ruere,
360 1075 391 1112 ac
409 1063 485 1112 retro
504 1059 630 1128 sublapsa
647 1062 757 1127 referri3
920 1076 958 1115 aas

104 1132 166 1185 Non
185 1134 272 1201 aliter,
291 1151 372 1202 quam
386 1136 436 1205 ¹qui
454 1135 568 1187 adverso
587 1137 632 1188 vix
650 1136 759 1190 flumine
778 1138 897 1189 lembum

105 1208 236 1275 Remigiis
257 1209 364 1276 subigit,
385 1211 407 1262 si
424 1210 549 1263 bracchia
567 1211 638 1265 forte
656 1213 768 1278 remisit

107 1287 198 1351 Atque
216 1285 291 1338 illum
309 1285 337 1338 in
355 1303 486 1355 praeceps
504 1304 589 1356 prono
607 1288 679 1355 rapit
697 1288 789 1341 alveus
806 1289 886 1343 amni.
919 1282 922 1290 ’

141 1359 289 1414 Praeterea
307 1366 365 1416 tam
383 1367 447 1416 sunt
467 1363 579 1416 Arcturi
598 1363 688 1418 sidera
706 1364 783 1418 nobis

105 1436 319 1507 Haedorumque
338 1439 396 1492 dies
415 1439 540 1491 servandi
559 1443 588 1492 et
605 1439 709 1492 lucidus
728 1441 841 1508 Anguis,
919 1455 957 1496 aas

104 1513 190 1575 Quam
210 1514 307 1582 quibus
325 1516 352 1568 in
370 1515 488 1584 patriam
508 1519 620 1568 ventosa
637 1532 687 1583 per
705 1531 823 1583 aequora
841 1516 927 1569 vectis

105 1589 208 1641 l’ontus
228 1593 256 1642 et
275 1592 393 1644 ostriferi
411 1591 503 1644 fauces
521 1594 694 1659 temptantur
713 1591 813 1660 Abydi.

104 1664 187 1718 Libra
205 1665 249 1718 die
268 1667 409 1734 somnique
426 1683 506 1734 pares
524 1666 571 1719 ubi
589 1666 685 1720 fecerit
704 1666 793 1734 horas,

104 1741 139 1793 m
158 1742 278 1795 medium
296 1743 348 1796 luci
366 1747 448 1811 atquc
468 1742 571 1796 umbris
588 1743 641 1796 iam
661 1743 759 1796 dividit
777 1743 880 1808 orbem,

88 1817 244 1886 ,Exercete
265 1819 322 1886 viri,
341 1823 440 1883 tauros,
459 1819 542 1872 serite
560 1818 664 1871 hordea
683 1819 793 1886 campis,
919 1833 957 1872 210

104 1893 198 1962 Usque
217 1895 268 1947 sub
286 1899 438 1948 extremum
457 1895 570 1947 brumae
587 1893 768 1947 intractabilis
785 1893 915 1956 imbrem;

105 1969 161 2022 Nec
179 1987 232 2022 non
251 1962 280 2022 et
298 1971 345 2022 lini
364 1976 485 2036 segetem
504 1973 534 2022 et
552 1969 665 2023 Cereale
683 1987 801 2038 papaver
927 2039 930 2046 Ι

102 2044 221 2111 Tempus
233 2045 315 2096 humo
328 2049 432 2111 tegere,
445 2049 473 2097 ct
485 2044 643 2097 iamdudum
656 2046 811 2097 incumbere
822 2047 930 2112 aratris,
960 2082 961 2086 ,

104 2119 174 2171 Dum
193 2121 263 2172 sicca
281 2120 379 2172 tellure
396 2120 468 2186 licet,
488 2120 553 2171 dum
571 2120 664 2172 nubila
682 2120 808 2187 pendent.

104 2195 176 2249 Vere
194 2195 263 2249 fabis
283 2196 367 2262 satio;
386 2200 445 2253 tum
465 2199 493 2248 te
512 2212 626 2263 quoque,
646 2195 761 2259 Medica
778 2198 874 2263 putres
918 2211 956 2250 21⁵

103 2271 250 2341 Accipiunt
268 2273 341 2339 sulci,
361 2277 390 2326 et
408 2273 482 2326 milio
501 2272 575 2325 venit
593 2287 772 2337 amaccura,

103 2348 239 2403 Candidus
258 2350 360 2403 auratis
378 2349 467 2418 aperit
485 2365 546 2401 eum
564 2345 690 2400 cornibus
708 2363 807 2400 annum

102 2423 212 2491 laurus,
233 2429 262 2479 et
280 2425 394 2479 adverso
413 2426 514 2478 cedens
532 2424 613 2477 Canis
631 2423 730 2476 occidit
747 2427 829 2476 astro.

104 2502 141 2554 At
159 2501 181 2554 si
201 2502 336 2555 triticeam
353 2502 381 2554 in
400 2518 516 2554 messem
535 2499 701 2566 robustaque
718 2501 793 2552 farra

103 2577 248 2630 Exercebis
266 2571 377 2630 humum
398 2577 513 2645 solisque
531 2575 647 2628 instabis
664 2576 762 2642 aristis,
842 2578 844 2582 '
917 2588 955 2627 sao

101 2655 175 2708 Ante
193 2653 244 2707 tibi
265 2655 339 2707 Iloae
358 2653 516 2707 Atlantides
534 2651 736 2705 abscondantur

100 2730 253 2798 Gnosiaque
272 2730 396 2783 ardentis
414 2729 531 2782 decedat
550 2728 629 2781 stella
648 2727 776 2793 Coronae,

104 2806 201 2860 Debita
219 2825 299 2874 quam
319 2806 398 2858 sulcis
417 2806 571 2869 committas
589 2805 698 2870 semina,
718 2816 853 2870 quamque

104 2882 207 2936 lnvitae
226 2900 356 2952 properes
376 2884 438 2935 anni
457 2899 533 2951 spem
552 2881 665 2934 credere
683 2883 782 2933 terrae.

100 2958 180 3013 Multi
198 2963 263 3012 ante
284 2976 407 3012 occasum
427 2959 516 3010 Maiae
535 2975 665 3026 coepere3
687 2955 813 3008 sedilios
916 2966 954 3006 aas

103 3036 267 3106 Exspectata
287 3052 366 3102 seges
385 3036 460 3087 ranis
480 3035 560 3087 elusit
578 3034 674 3086 aristis.

99 3113 127 3166 si
145 3131 210 3167 vero
230 3113 381 3178 viciamque
399 3127 474 3163 seres
492 3111 626 3177 vilemque
644 3107 783 3176 phaselum

99 3189 160 3244 Nec
179 3187 334 3242 Pelusiacae
353 3203 445 3239 curam
464 3185 646 3252 aspernabere
665 3182 754 3248 lentis,
