2032 3524
344 112 527 160 AENEIDOS
547 111 616 159 tre.
636 110 701 158 VH.
896 112 941 157 211

98 196 181 260 Picus
199 212 299 263 equum
318 194 449 258 domitor;
469 209 550 261 quem
568 194 648 260 capta
665 192 791 260 cupidine
809 191 926 245 coniunx

100 274 187 324 Aureo
204 287 362 339 percussum
380 270 455 336 virga
473 285 636 335 versumque
654 269 766 321 venenis
908 280 937 324 lut

95 346 171 398 Fecit
189 362 267 399 aveni
286 346 370 411 Circo,
389 345 544 412 sparsitque
562 343 696 397 coloribus
715 344 778 398 alas.

95 422 151 472 'sali
170 422 243 474 intus
261 421 363 487 templo
383 420 472 472 divom
491 421 634 487 patriaque
653 421 766 473 Latinus

95 498 166 549 Sede
185 497 283 550 sedens
302 497 418 549 Teucros
437 496 472 548 ad
491 512 550 548 sese
568 496 596 547 in
615 500 690 549 tecta
707 496 828 559 rocavit3

95 575 189 641 Atque
207 574 275 626 haec
292 572 420 639 ingressis
438 571 543 639 placido
561 572 636 641 prior
655 572 743 625 edidit
761 589 820 626 ore:

127 650 224 717 Dicite,
234 648 417 712 Dardanidae,
430 665 518 715 nequo
527 649 599 701 euim
608 649 741 703 nescimus
750 651 779 703 et
788 649 884 704 urbem
908 665 942 704 115

94 726 129 779 Et
147 741 240 794 genus,
259 725 400 793 auditique
418 724 561 777 advertitis
578 740 696 792 aequore
714 742 830 793 cursum,

94 802 166 866 Quid
184 803 294 870 petitisi
314 818 384 870 quae
402 817 497 854 caussa
515 804 594 864 rates,
613 805 661 854 aut
679 802 756 854 cuius
773 803 879 869 egentis

94 878 172 930 Litus
190 878 227 931 ad
246 878 397 931 Ausonium
415 880 458 931 tot
475 893 525 946 per
543 877 613 928 vada
630 877 738 930 caerula
755 879 847 932 rexit?

93 953 155 1006 Siue
172 970 265 1008 errore
283 954 348 1017 viae,
367 970 415 1006 seu
433 952 642 1021 tempestatibus
660 953 721 1019 acti,

93 1029 188 1091 Qualia
205 1030 292 1083 inulta
310 1030 378 1081 mari
397 1033 496 1082 nautae
513 1028 656 1095 patiuntur
672 1029 700 1080 in
718 1028 782 1096 alto,
905 1046 942 1086 200

94 1105 225 1158 Fluminis
242 1106 365 1158 intrastis
384 1107 456 1173 ripas
473 1107 610 1172 portuque
628 1104 737 1172 sedetis,

93 1181 118 1232 N
120 1199 135 1233 e
152 1181 238 1247 fugito
256 1181 409 1249 hospitium,
428 1198 496 1234 nevo
513 1181 638 1248 ignorate
656 1179 768 1233 Latinos

93 1257 204 1309 Saturni
221 1261 338 1324 gentem,
356 1257 429 1310 haud
447 1257 533 1310 vinclo
551 1273 602 1309 nec
620 1256 726 1324 legibus
744 1273 867 1325 acquam,

27 1399 30 1403 ἴ
93 1335 195 1402 Sponte
213 1351 261 1386 sua
279 1334 434 1401 veterisque
453 1334 498 1387 dci
517 1349 546 1386 se
564 1349 639 1386 moro
657 1336 805 1386 tenentem.

93 1413 187 1478 Atque
200 1410 327 1478 equidem
339 1411 558 1463 memini-fama
570 1413 612 1463 est
624 1409 764 1462 obscurior
776 1413 889 1462 anuis-
905 1425 941 1465 aot

95 1490 235 1540 Auruncos
253 1488 293 1540 ita
309 1487 382 1540 ferre
400 1504 486 1554 senes,
503 1487 546 1538 his
564 1489 641 1539 ortus
658 1488 690 1538 ut
707 1485 780 1553 agris

95 1565 235 1618 Dardanus
255 1564 352 1617 Idaeas
372 1564 504 1632 Phrygiae
522 1563 674 1632 penetrarit
691 1562 727 1614 ad
744 1562 826 1615 urbes
848 1578 855 1595 ·

92 1641 296 1709 Threiciamque
316 1640 421 1707 Samon,
441 1657 511 1708 quae
528 1656 599 1692 nunc
617 1638 801 1692 Samothracia
817 1638 871 1690 fert
904 1677 911 1690 .

97 1717 165 1769 ilinc
183 1718 258 1769 illurn
278 1716 389 1785 Corythi
408 1717 546 1785 Tyrrhena
564 1715 598 1768 ab
617 1714 682 1769 sede
700 1714 853 1782 profectum

96 1797 186 1846 Aurea
204 1810 273 1846 nunc
292 1794 358 1846 solio
377 1795 509 1847 stellantis
527 1794 603 1860 regia
621 1792 687 1845 caeli
905 1805 941 1844 210

95 1869 201 1936 Accipit
219 1872 248 1921 et
265 1886 407 1922 numerum
426 1871 549 1922 divorum
568 1869 698 1922 altaribus
714 1867 803 1921 addit.

127 1944 255 2008 Dixerat;
276 1948 305 1996 ct
323 1944 397 1997 dicta
416 1946 535 1997 llioneus
554 1946 592 1998 sic
610 1961 675 1998 voco
693 1947 815 1997 secutus:

95 2021 160 2084 1101,
177 2035 262 2086 genus
281 2012 420 2085 egregium
439 2019 534 2085 Fauni,
552 2036 601 2072 nec
618 2020 744 2073 fiuctibus
762 2023 836 2073 actos

95 2098 165 2147 Atra
183 2093 291 2160 subegit
308 2094 414 2160 hiemps
432 2094 530 2146 restris
549 2096 693 2148 succedero
712 2095 801 2162 terris,

94 2171 150 2222 Nec
168 2169 244 2222 sidus
262 2169 449 2235 regionariae
467 2169 564 2221 litusve
582 2169 693 2234 fefellit3
773 2233 776 2237 ⁸
905 2183 941 2223 215

93 2245 210 2298 Consilio
229 2245 297 2298 hane
316 2261 408 2298 ornnes
427 2244 579 2311 animisque
598 2244 749 2299 volentibus
767 2247 864 2300 urbem

96 2322 260 2390 Adferimur‚
278 2321 349 2391 pulsi
368 2321 466 2388 regnis,
486 2336 555 2386 quae
574 2336 701 2372 maxuma
718 2322 856 2388 quondam

94 2400 224 2452 Extremo
242 2400 353 2452 veniens
372 2398 418 2450 Sol
437 2394 587 2463 aspiciebat
605 2393 726 2461 Olympo.

97 2474 140 2526 Ab
159 2475 225 2528 Iove
242 2474 404 2544 principium
421 2470 543 2540 generis3
563 2469 628 2521 Iove
647 2468 775 2522 Dardana
791 2471 877 2536 pubes

94 2550 203 2605 Gaudet
220 2569 283 2617 av03
303 2567 351 2604 rex
370 2551 428 2618 ipsc
448 2545 521 2600 Iovis
539 2544 574 2597 de
591 2546 674 2610 gente
690 2559 822 2611 suprema,
905 2559 938 2598 aar

93 2626 188 2678 Troius
208 2629 323 2692 Aeneas,
343 2630 391 2679 tua
408 2641 458 2678 nos
476 2623 512 2676 ad
531 2620 624 2674 limina
641 2617 722 2671 misit.

94 2704 201 2766 Quanta
217 2719 267 2770 per
286 2703 384 2755 Idaeos
402 2700 489 2755 saevis
506 2699 592 2751 effusa
610 2693 730 2762 Mycenis

94 2777 253 2844 Tempestas
269 2777 332 2829 ierit
349 2794 465 2845 campos,
484 2773 581 2842 quibus
598 2774 674 2825 actus
692 2773 810 2837 uterque

96 2853 220 2918 duropae
238 2854 322 2920 atque
341 2852 425 2904 Asiae
442 2851 506 2903 fatis
525 2848 691 2902 concurrerit
709 2845 790 2911 orbis,

96 2927 200 2992 Audiit,
219 2930 248 2980 et
266 2927 288 2979 si
298 2934 387 2994 'quem
406 2927 486 2979 tellus
504 2929 626 2978 extrema
643 2924 733 2978 refuso
905 2929 937 2974 m

94 3004 244 3057 Submovet
261 3002 376 3068 Oceano,
396 3005 423 3055 01
442 3002 464 3054 si
483 3018 563 3070 quem
581 3004 694 3054 extenta
710 2998 852 3067 plagarum

94 3083 230 3147 Quattuor
247 3080 274 3133 in
292 3079 383 3132 medio
400 3078 504 3132 dirimit
520 3077 600 3146 plaga
617 3076 687 3130 Solis
703 3073 795 3142 iniqui.

95 3157 203 3268 1111οῑ10
221 3173 256 3212 ex
273 3156 319 3210 illo
337 3157 380 3210 tot
397 3157 475 3208 rasta
492 3170 542 3224 per
558 3168 679 3221 aequora
694 3150 766 3205 recti
