2032 3524
332 120 513 168 AENEIDOS
530 119 600 168 LIB.
620 119 669 168 XI.
882 122 928 167 299

79 208 174 262 Dicam
191 207 327 275 equidem,
338 207 403 260 licet
421 223 496 259 arma
511 206 577 260 mihi
592 210 763 275 mortemque
776 208 930 261 minetur—

78 285 194 337 Lumina
211 287 254 337 tot
271 284 402 336 cecidisse
420 283 520 336 ducum
538 286 681 350 tota-mque
699 284 824 337 videmus

79 359 239 413 consedisse
258 359 354 411 urbem
372 359 454 423 luctu,
474 359 539 411 dum
558 359 638 411 Troia
655 362 775 426 temptat
894 374 931 413 sse

78 436 185 500 Castra,
202 435 284 501 fugae
302 434 397 499 fidens,
416 437 446 487 et
463 435 569 488 eaelum
586 433 698 489 territat
715 435 807 490 armis.

79 509 170 564 Unum
188 511 271 563 etiam
289 509 367 562 donis
384 510 453 576 istis
472 527 543 577 quae
560 510 678 577 plurima
695 511 769 565 mitti

78 586 245 640 Dardanidis
263 587 373 655 dieique
391 587 474 651 iubes,
492 603 585 653 unum,
603 590 715 654 optume
732 604 838 654 regum,

79 664 216 728 Adiicias;
240 679 289 716 nee
308 666 337 716 te
354 663 436 714 ullius
454 662 584 715 violentia
601 663 699 729 vincat,

79 739 149 804 Quin
167 744 259 794 natam
278 741 387 808 egregio
405 758 505 808 genero
524 741 670 808 dignisque
687 741 844 807 hymenaeis
894 753 931 792 303

78 815 135 869 Des
152 819 238 883 pater,
257 821 287 870 et
304 833 398 884 pacem
416 817 486 868 liano
504 820 615 869 aeterno
633 817 745 869 foedere
763 817 863 869 firmes.

78 891 157 954 Quod
176 892 198 944 si
216 896 310 946 tantus
328 892 413 945 habet
431 895 537 945 mentes
555 896 584 944 et
601 896 712 959 pectora
729 896 826 959 terror,

79 967 173 1034 Ipsum
191 967 370 1033 obtestemur,
389 967 550 1035 veniamque
568 984 676 1020 oremus
695 967 729 1019 ab
747 967 819 1035 ipso:

78 1042 174 1108 Cedat,
192 1043 236 1095 ius
253 1044 393 1111 proprium
410 1043 469 1109 regi
487 1043 648 1111 patriaeque
665 1043 796 1096 remittat.

78 1117 150 1181 Quid
167 1119 281 1172 miseros
298 1119 398 1171 totiens
416 1119 445 1170 in
463 1123 558 1186 aperta
575 1118 696 1186 pericula
713 1119 778 1171 civis
894 1132 931 1172 300

79 1193 197 1260 Proiicis,
217 1211 233 1247 0
252 1195 330 1247 Latio
349 1197 431 1261 caput
448 1195 545 1246 horum
563 1198 592 1247 et
610 1211 705 1247 caussa
721 1195 872 1248 maloruml

78 1267 160 1322 Nulla
178 1270 250 1323 salus
268 1269 354 1334 bello;
378 1287 473 1337 pacem
492 1271 675 1337 tepescimus
694 1287 795 1336 omncs,

77 1343 175 1412 Turne,
194 1346 273 1398 simul
292 1346 366 1412 pacis
384 1346 471 1398 solum
489 1346 642 1398 inviolabile
660 1346 767 1414 pignus.

78 1419 186 1474 Primus
204 1438 262 1488 ege,
281 1421 397 1474 invisum
416 1439 497 1489 quem
516 1425 548 1474 tu
566 1422 616 1474 tibi
635 1422 722 1489 fingis,
742 1425 771 1474 et
789 1437 848 1475 esse

77 1495 123 1548 Nil
141 1513 239 1562 morer,
252 1514 286 1550 en
305 1498 419 1565 supplex
437 1498 523 1550 venio.
559 1498 692 1550 Miserere
706 1501 823 1563 tuorum,
893 1511 930 1552 sea

78 1571 152 1624 Pone
169 1572 280 1638 animos,
300 1577 329 1626 et
346 1573 439 1640 pulsus
457 1573 509 1626 abi.
547 1573 595 1626 Sat
612 1574 708 1626 funera
725 1573 779 1625 fusi

76 1644 211 1714 Vidimus,
230 1647 349 1715 ingentis
367 1651 396 1700 et
413 1647 595 1702 desolavimus
614 1665 701 1715 agros

78 1721 145 1789 aut,
163 1723 185 1775 si
203 1723 276 1776 fama
293 1727 392 1789 movet,
411 1724 433 1776 si
452 1727 560 1777 tantum
578 1729 690 1792 pectore
708 1724 792 1776 robur

78 1797 208 1867 Concipis,
228 1799 297 1851 etsi
316 1798 384 1851 adeo
403 1799 503 1852 dotalis
520 1800 597 1866 regia
615 1799 690 1851 cordi
709 1803 759 1865 est,

77 1873 168 1938 Ande,
180 1876 264 1942 atque
283 1874 428 1926 adversum
446 1875 533 1927 fidens
549 1876 591 1927 fer
604 1879 700 1942 pectus
715 1876 743 1926 in
758 1875 870 1929 hostem.
894 1889 930 1929 370

77 1948 193 2016 Scilicet,
210 1952 242 2002 ut
260 1949 350 2001 Turno
369 1950 603 2016 contingatiegia
621 1952 745 2016 coniunx,

77 2023 142 2090 Nes,
161 2023 267 2077 animae
285 2024 360 2091 viles,
378 2025 518 2078 inhumata
535 2025 683 2093 infletaque
702 2026 791 2092 turba,

77 2099 238 2152 Sternamnr
255 2101 363 2168 eampis.
400 2101 491 2153 Etiam
510 2104 549 2168 tu,
568 2102 590 2153 si
608 2118 662 2168 qua
680 2101 731 2153 tibi
750 2102 798 2169 vis,

78 2174 105 2227 si
123 2176 206 2242 patrii
225 2175 292 2242 quid
311 2176 410 2229 Martis
428 2176 519 2242 habes,
538 2177 614 2229 illum
633 2176 724 2244 aspice
742 2180 843 2243 contra,

78 2250 131 2314 Qui
149 2254 235 2304 vocat.
894 2266 930 2307 375

111 2324 222 2379 Talibus
241 2327 344 2379 exarsit
362 2326 443 2380 dictis
462 2328 590 2380 violantia
609 2328 712 2392 Turni3

79 2397 133 2453 Dat
150 2402 290 2468 gemitum,
308 2403 466 2470 rumpitque
484 2403 532 2456 has
550 2403 605 2455 imo
623 2407 733 2470 pectere
751 2419 845 2457 voces:

78 2474 167 2543 Larga
185 2477 303 2545 quidem,
323 2477 439 2542 Drance,
462 2495 570 2545 semper
588 2478 639 2531 tibi
656 2479 734 2546 eopia
751 2479 826 2531 fandi

78 2550 154 2619 Tum,
172 2568 232 2604 cum
251 2551 324 2604 bella
341 2570 437 2605 manus
455 2558 583 2621 poscunt;
607 2554 787 2621 patribusque
804 2555 907 2608 vocatis

79 2626 186 2679 Primus
200 2627 274 2680 ades.
313 2628 367 2681 Sed
386 2645 439 2680 non
456 2629 587 2696 replenda
607 2633 650 2681 cst
668 2630 742 2681 curia
760 2629 858 2694 verbis,
893 2645 930 2682 sse

78 2700 154 2770 Quae
171 2705 232 2756 tuto
251 2703 302 2756 tibi
321 2719 419 2770 magna
436 2705 533 2765 volant,
551 2705 616 2756 dum
635 2705 751 2756 distinct
768 2705 875 2757 hostem

78 2778 174 2843 Agger
191 2793 338 2845 murorum,
356 2795 406 2832 nec
424 2780 558 2832 inundant
576 2781 706 2846 sanguine
723 2779 818 2831 fossae.

79 2851 198 2905 Proinde
217 2856 282 2906 tona
301 2854 415 2922 eloquia,
435 2856 544 2908 solitum
564 2854 629 2918 tibi;
653 2870 753 2921 meque
773 2855 879 2906 timoris

78 2927 174 2994 Argue
192 2931 230 2994 tu,
248 2929 363 2995 Drance,
382 2931 490 2997 qnando
509 2934 552 2983 tot
570 2930 669 2996 stragis
686 2945 795 2982 acervos

78 3001 243 3056 Teucrorum
261 3008 309 3057 tua
328 3005 426 3059 dextra
444 3006 528 3071 dedit,
547 3006 702 3074 passimque
720 3004 839 3071 tropaeis
893 3018 929 3056 sss

78 3077 198 3145 Insignis
216 3095 304 3146 agros.
341 3082 431 3135 Possit
450 3083 517 3149 quid
535 3082 625 3134 vivida
642 3080 737 3147 virtus,

78 3151 229 3274 Dquqiare
246 3154 324 3219 licet;
345 3173 394 3209 neo
412 3158 492 3223 longo
510 3158 612 3210 scilicet
628 3156 721 3209 hostes
