2032 3524
77 104 108 150 90
310 100 339 152 P.
359 100 513 149 VERGILI
530 99 697 149 MARONIS

78 182 215 244 Quaerere
232 183 380 245 coustituit,
398 181 533 249 sociisque
550 184 647 234 exacta
664 182 768 235 referre

78 259 198 312 Classem
217 261 244 313 in
263 277 381 313 convexo
400 273 541 311 nemorum
559 257 611 311 sub
629 274 697 325 rupe
713 270 810 311 cavata
891 273 929 313 aro

80 334 233 389 Arboribus
250 336 368 389 clausam
387 335 487 387 circum
505 336 590 401 atque
607 333 783 386 horrentibus
800 333 908 387 umbris

27 448 34 459 ,
79 410 199 476 (')cculit;
216 412 276 480 ipso
294 428 348 464 uno
366 410 493 478 graditur
511 409 659 463 comitatus
678 409 794 476 Achate,

82 486 150 539 Bina
168 504 249 541 mauu
266 488 322 541 lato
341 489 461 555 crispans
479 485 589 538 hastilia
606 487 686 539 i'erre.

80 562 130 615 eui
148 568 237 617 mater
254 564 346 617 media
364 581 424 616 sese
443 562 508 616 tulit
527 561 607 615 obvia
625 561 698 629 silva,

82 639 201 706 Virginis
219 657 249 692 os
267 639 446 707 hahitumque
463 655 564 706 gerens
581 644 611 691 et
628 638 741 703 virginis
758 654 842 704 arma,
893 653 932 693 am

80 715 238 783 Spartanae,
257 715 299 767 rel
319 717 407 783 qualis
427 732 512 783 eques
531 714 658 768 Threissa
676 714 774 781 fatigat

84 791 234 859 Harpalyce
254 792 444 860 volucremque
463 792 527 857 luga
545 791 731 859 praevertitur
750 790 883 844 Hebrum.

82 868 206 934 Naurque
219 867 339 920 humeris
351 868 386 920 dc
399 885 474 920 more
488 868 606 920 hahilem
620 866 801 935 suspenderat
812 882 906 920 arcum

83 944 222 1010 Venatrix,
241 945 411 1011 dederatque
429 961 533 998 conram
552 944 705 997 diffundere
723 944 818 1007 sontis,

83 1020 164 1071 Nuda
181 1038 260 1087 genu,
279 1020 405 1087 nodoque
424 1021 499 1073 sinus
517 1021 630 1073 collecta
648 1019 763 1072 lluentis.
896 1034 936 1073 uuo

85 1098 224 1164 Asprum,
245 1098 328 1164 Heus,
347 1098 445 1164 iuquit,
464 1098 581 1163 iuvenes,
601 1099 759 1162 monstrate,
778 1110 901 1149 arearum

85 1172 199 1225 Vidistis
218 1175 240 1226 si
259 1192 341 1242 quam
360 1175 404 1227 hic
423 1177 560 1226 errantem
578 1173 650 1226 forte
668 1188 799 1239 sororum,

84 1249 254 1302 succinctam
272 1251 404 1317 pharetra
422 1254 451 1302 et
470 1249 622 1302 maculosae
640 1249 763 1315 tegmine
779 1247 873 1317 lyncis,

85 1330 143 1377 Aut
161 1327 313 1392 spumantis
331 1327 391 1392 apri
409 1342 519 1378 cursum
538 1326 657 1379 elamore
674 1327 852 1393 prementem.

119 1401 162 1453 Sic
184 1402 290 1465 Venus;
309 1407 337 1454 et
359 1402 475 1455 Veneris
494 1405 590 1455 contra
608 1402 647 1454 sic
665 1401 736 1453 filius
753 1416 846 1454 orsus:
899 1414 939 1454 aas

86 1477 167 1528 Nulla
185 1481 293 1529 tuarum
312 1478 407 1530 audita
425 1478 490 1530 mihi
509 1494 599 1546 neque
617 1478 675 1529 risa
693 1492 823 1537 sororum,

85 1554 227 1621 O—quam
241 1557 269 1606 te
281 1570 436 1621 memorem,
450 1555 526 1621 virgo
538 1556 545 1607 l
566 1569 685 1621 namque
697 1551 770 1605 haud
783 1550 834 1605 tihi
847 1552 940 1607 voltus

86 1630 217 1694 Mortalis,
237 1647 286 1682 nce
304 1648 356 1683 vox
374 1631 511 1685 lromincm
530 1634 623 1683 sonat:
642 1647 666 1695 o,
684 1630 737 1683 dea
754 1632 844 1695 ccrta;

86 1708 131 1758 hu
152 1706 253 1758 Phoebi
273 1709 368 1760 sorori
386 1724 421 1759 an
440 1707 629 1775 Nympharum
648 1706 788 1774 sanguinis
806 1704 880 1761 una'i

86 1782 128 1835 Sis
146 1782 219 1848 felix,
239 1786 417 1851 nostrumque
435 1783 516 1849 loros,
536 1799 732 1852 quaecumque,
750 1781 880 1848 laborem,
903 1796 942 1836 uuo

89 1859 130 1921 Et,
149 1876 203 1926 quo
220 1859 271 1912 suh
290 1860 364 1912 eaelo
382 1860 502 1926 tandem,
523 1860 622 1928 quibus
641 1859 715 1913 orbis
733 1859 761 1912 in
779 1859 835 1911 oria

89 1934 232 2001 laetemur,
251 1935 361 1988 doceas.¹
378 1936 465 2004 igurari
486 1936 681 2003 hominumque
698 1936 875 2003 locorumque

88 2010 223 2071 Erramus¹
241 2015 324 2064 vento
342 2010 395 2065 hue
413 2013 497 2065 vastis
515 2016 543 2066 ct
561 2011 691 2064 fluctibus
708 2011 777 2065 acti:

87 2085 176 2138 Multa
194 2087 245 2141 tibi
264 2091 328 2141 aute
346 2105 408 2141 aras
426 2093 520 2142 nostra
538 2089 619 2141 cadet
637 2088 728 2141 hostia
746 2087 852 2141 dextra

122 2163 189 2214 Tum
200 2164 305 2219 Venus:
320 2165 404 2218 Haud
413 2166 541 2233 equidem
552 2165 600 2217 tali
610 2181 653 2216 me
664 2164 761 2232 dignor
770 2165 888 2226 honore3
904 2178 944 2219 336

88 2239 248 2306 Virginibus
269 2241 356 2308 Tyriis
374 2258 433 2293 mos
451 2247 494 2294 est
511 2245 621 2308 gestare
639 2241 804 2308 pharetram,

89 2315 285 2384 Purpureoque
303 2317 358 2369 alte
377 2333 454 2368 suras
472 2317 574 2369 vincire
593 2316 733 2369 cothurno.

89 2391 190 2443 Punica
208 2409 293 2458 regna
311 2392 396 2459 vides,
415 2392 508 2460 'l'ym'os
526 2396 555 2445 et
575 2393 712 2459 Agenorls
729 2391 844 2457 urbem

88 2467 143 2519 Sal
161 2466 229 2519 fines
248 2467 350 2534 Libyci,
369 2484 456 2535 genus
475 2468 649 2522 intractabile
668 2468 744 2522 bello.

91 2542 233 2610 lupariam
253 2542 327 2596 Dido
346 2544 427 2612 Tyria
445 2545 518 2612 regit
536 2545 604 2597 urbe
623 2546 750 2612 profecta„
908 2558 946 2599 ut

90 2618 255 2671 (lemanum
273 2619 389 2687 fugiens.
427 2621 521 2688 Longa
541 2625 583 2675 cst
601 2621 707 2687 iniuria,
725 2621 822 2688 longae

91 2694 245 2760 hinbages3
263 2695 312 2747 sed
332 2712 437 2749 summa
456 2714 555 2765 sequar
573 2697 683 2764 lastigla
701 2713 800 2750 rerum.

91 2770 162 2822 Huic
181 2770 297 2822 coniunx
317 2772 452 2839 Sychaeus
472 2777 538 2838 crat,
559 2773 711 2825 ditissimus
728 2772 787 2840 agri

91 2845 262 2914 Phoenicum,
281 2851 310 2901 et
328 2865 427 2915 magno
446 2851 562 2902 miserae
581 2848 698 2901 dilectus
716 2863 816 2916 amore,

91 2922 141 2975 Cui
158 2927 237 2991 pater
255 2923 385 2977 intactam
405 2925 528 2993 dederat,
547 2924 697 2992 primisque
715 2924 824 2991 iugarat
912 2938 951 2979 aar

90 2997 240 3053 Ominibus.
276 3000 332 3053 Sed
350 3017 434 3067 regna
452 3001 516 3068 Tyri
534 3017 681 3068 germanus
699 2998 819 3053 habebut

92 3073 258 3143 Pygmalion,
276 3077 378 3129 scolere
395 3080 460 3129 autc
478 3077 545 3130 alios
562 3075 695 3129 inmanior
712 3074 806 3128 omnis.

92 3150 166 3213 Quos
186 3151 259 3204 inter
277 3151 385 3204 medius
402 3152 477 3205 venit
495 3153 578 3206 furor.
616 3151 667 3204 llle
685 3150 837 3215 Sychaeum
