2032 3524
373 126 558 177 AENEIDOS
575 127 644 177 LIB.
664 129 714 176 XI.
925 130 970 180 3⁰9

123 205 210 260 Arma
226 206 370 275 virumque
388 209 495 275 ferens3
512 212 573 263 tum
591 226 697 263 summa
716 210 803 279 ipsius
821 209 856 264 ab
874 209 953 263 hasta

123 281 260 350 Dehingit
277 283 387 350 serrum,
406 288 435 337 et
451 285 540 353 partis
556 286 673 338 rimatur
690 290 807 354 apertas,

123 356 181 421 Qua
199 359 294 412 volnus
312 359 394 412 letale
412 361 497 426 ferat;
515 365 610 414 contra
627 361 674 414 ille
692 378 848 430 repugnans

122 432 244 487 Sustinet
262 451 278 487 a
295 434 387 502 iugulo
406 436 540 504 dextram,
559 440 588 490 et
606 437 660 489 vim
678 438 782 491 viribus
800 438 864 491 exit.
933 449 969 490 770

58 529 60 532 ’
121 507 215 577 thue
233 510 325 562 volans
343 510 398 564 alte
416 516 525 579 raptum
544 529 605 565 cum
623 513 697 566 fulva
715 514 859 567 draconem

121 583 189 638 Fert
200 585 298 653 aquila,
310 586 489 655 inplicuitque
501 588 594 656 pedes,
606 592 690 658 atque
701 589 838 658 unguibus
849 589 952 654 haesit;

121 659 233 722 Saucius
251 664 281 715 at
298 679 410 731 serpens
428 663 537 716 sinuosa
554 665 691 718 volumina
709 669 806 733 versat,

121 737 301 805 Arrectisque
317 738 412 792 horret
430 740 558 807 squamis,
577 744 607 793 et
625 741 717 794 sibilat
734 758 788 807 ore,

120 811 233 866 Arduus
244 813 403 881 insurgens3
415 813 461 866 illa
473 814 547 868 haud
559 816 649 868 minus
661 820 761 883 urguet
773 816 877 869 obunco
932 828 969 869 770

119 887 282 942 Luctantem
302 893 405 954 rostro;
423 885 502 942 simul
521 891 635 944 aethora
653 892 780 945 verberat
797 892 864 946 alis:

122 963 204 1016 Haud
222 965 302 1018 aliter
319 965 449 1033 praedam
468 965 611 1019 Tiburtum
631 984 665 1021 ex
683 968 791 1034 agmine
811 968 932 1021 Tarchon

121 1039 216 1092 Portet
234 1056 323 1093 ovans.
359 1040 443 1094 Ducis
461 1041 615 1108 exemplum
635 1045 817 1109 eventumque
835 1042 921 1095 secuti

119 1113 279 1169 Maeonidae
296 1117 445 1170 incurrunt.
483 1117 550 1168 Tum
568 1117 632 1170 fatis
650 1117 760 1170 debitus
781 1120 888 1171 Arruns

118 1189 247 1244 Velocem
265 1192 352 1245 iaculo
371 1196 400 1246 et
418 1191 505 1244 multa
522 1192 677 1259 priorarte
696 1192 838 1246 Camillam
932 1206 968 1248 700

118 1263 230 1331 Circuit
211 1270 285 1333 tet,
304 1271 429 1336 quaet
393 1268 429 1320 sit
446 1268 556 1321 fortuna
573 1268 707 1335 facillima,
726 1271 850 1356 temptat

118 1340 179 1404 Qua
196 1359 226 1396 se
243 1359 359 1410 cumque
377 1343 470 1395 furens
488 1343 578 1395 medio
596 1344 661 1396 tulit
649 1344 786 1431 tegmine
805 1344 890 1412 virgo,

120 1417 179 1470 Hac
198 1420 305 1472 Arruns
323 1419 438 1485 subite
440 1419 536 1471 ttacit
537 1435 569 1471 us
587 1420 702 1486 vestigia
720 1420 837 1485 lustrat3

118 1492 178 1557 Qua
195 1495 292 1548 victrix
310 1495 383 1548 redit
400 1495 447 1546 illa
463 1494 617 1562 pedemque
636 1511 670 1548 ex
688 1495 750 1549 hos
738 1500 766 1549 e
783 1462 916 1565 replantat,

120 1569 204 1623 Hac
196 1571 301 1623 iuvenis
318 1571 412 1623 furtim
430 1570 526 1623 celeris
544 1570 692 1639 detorquet
680 1570 836 1625 thabenas.
930 1584 966 1626 aas

118 1643 177 1696 Hos
195 1645 293 1713 aditus,
312 1647 420 1714 iamque
438 1646 488 1698 hos
506 1646 605 1712 aditus,
625 1663 787 1714 omnemque
806 1650 931 1717 pererrat

118 1719 248 1789 Undique
260 1721 411 1787 circuitum,
424 1724 452 1774 et
465 1725 568 1774 certam
581 1723 671 1788 quatit
682 1723 813 1790 inprobus
825 1724 941 1777 hastam.

119 1795 202 1849 Forte
220 1813 297 1850 sacer
315 1796 431 1864 Cybelae
450 1797 582 1850 Chloreus
600 1798 719 1866 olimque
738 1799 862 1852 sacerdos

119 1871 235 1939 Insignis
253 1873 333 1940 longe
352 1872 476 1940 Phrygiis
494 1873 642 1940 fulgebat
635 1891 663 1926 m
681 1875 770 1941 armis,

118 1946 349 2016 Spumantemque
362 1949 484 2016 agitabat
496 1966 604 2016 equum,
618 1966 699 2017 quem
711 1917 790 2017 pellis
802 1949 877 2003 aenis
930 1962 966 2004 770

117 2021 151 2075 177
169 2023 289 2090 plumam
308 2026 427 2113 squamis
445 2035 510 2078 auro
529 2029 653 2078 conserta
671 2025 788 2092 t.etgeba

117 2097 189 2167 Ipse,
207 2101 350 2168 peregrina
368 2102 467 2167 serrug'
443 2118 505 2154 <rme
523 2101 611 2154 clarus
630 2106 658 2155 et
676 2107 757 2166 ostro,

11 2245 13 2248 .
117 2173 225 2243 Spicula
243 2176 391 2245 torquebat
409 2177 490 2244 Lycio
509 2177 641 2244 Gortynia
658 2194 755 2243 cornu3

117 2252 227 2305 Aureus
245 2269 279 2305 cx
297 2253 409 2305 humero
428 2256 505 2305 sonat
523 2270 608 2320 arcus,
627 2257 655 2307 et
673 2271 755 2306 aurea
772 2254 828 2307 vati

117 2324 243 2393 Cassida3
267 2332 326 2381 tum
354 2346 474 2382 croceam
501 2329 724 2398 chlamydemque
749 2331 878 2397 sinusque
908 2344 965 2381 cre

184 2403 276 2470 pontis
930 2417 966 2458 777

117 2476 266 2532 Carbaseos
283 2479 356 2532 fulvo
374 2481 401 2532 in
419 2480 520 2532 nodum
539 2480 685 2547 collegerat
703 2496 775 2547 auro,

118 2552 210 2606 Pictus
227 2571 278 2608 acu
296 2555 401 2607 tunicas
419 2561 448 2609 et
465 2555 582 2608 barbara
600 2556 720 2622 tegmina
738 2571 854 2609 crurum.

118 2628 198 2682 Hunc
215 2630 299 2697 virgo,
319 2631 375 2684 sive
391 2634 424 2684 ut
441 2632 552 2699 templis
569 2632 734 2700 praefigeret
752 2648 828 2685 arma

117 2703 203 2771 Troia,
222 2706 329 2773 captivo
348 2706 404 2760 sive
421 2711 454 2760 ut
472 2724 501 2760 se
518 2707 603 2760 ferret
621 2707 649 2758 in
668 2724 740 2773 auro,

117 2777 252 2833 Venatrix
269 2797 354 2833 unum
372 2799 406 2835 cx
424 2783 496 2835 omni
515 2783 664 2836 certamine
681 2800 787 2851 pugnae
928 2795 966 2836 700

118 2853 205 2908 Caeca
223 2856 397 2924 sequebatur,
415 2861 559 2925 totumque
577 2858 686 2911 incauta
703 2876 753 2927 per
771 2876 867 2926 agmen

118 2930 247 2985 Femineo
264 2932 383 2999 praedae
401 2937 430 2986 et
448 2933 593 3001 spoliorum
613 2933 728 2987 ardebat
745 2931 852 2989 amoro:

117 3005 212 3059 Telum
231 3025 265 3060 ex
282 3008 388 3061 insidiis
406 3026 467 3061 cum
483 3009 595 3061 tandem
614 3013 739 3076 tempore
757 3014 835 3078 capto

118 3080 243 3136 Concitet
261 3087 290 3137 et
310 3100 422 3150 superos
442 3087 548 3138 Arruns
566 3087 604 3138 sic
621 3102 686 3139 voco
705 3091 848 3154 precatur:

118 3155 229 3212 Summe
243 3159 338 3225 deum,
357 3160 443 3212 sancti
461 3165 552 3215 custos
570 3160 689 3214 Soractis
708 3160 813 3230 Apollo,
930 3172 966 3213 aas
