2032 3524
79 116 125 162 322
312 112 339 158 P.
362 111 511 159 VEltGlLI
530 110 697 158 MARONIS

78 194 132 246 Olli
150 193 220 246 dura
240 194 319 260 quies
338 192 429 246 ocules
447 195 477 245 et
497 192 601 245 ferreus
623 194 722 260 urguet

78 272 208 334 tenuium
229 269 256 321 in
275 272 414 322 aeternum
435 268 599 322 clauduntur
617 268 719 321 lumina
737 274 852 324 nectem.
894 285 932 325 ere

113 348 153 397 ut
172 345 233 412 pius
253 346 362 397 Aeneas
382 345 509 398 dextram
529 344 662 398 tendebat
682 345 813 398 inermem

78 420 190 472 leate
208 421 305 488 capite,
325 424 409 488 atque
427 438 489 473 sues
507 421 625 473 clamere
643 420 771 475 recubat:

78 500 137 559 Que
156 498 235 549 ruitis
250 502 369 563 lquaeve
381 499 434 550 istu
452 515 551 565 repens
569 498 704 549 discordia
723 499 829 563 surgitl

78 578 100 617 (l
120 573 245 625 euhihele
264 574 334 626 iras!
354 576 438 626 ictum
458 574 511 626 iam
529 573 633 641 suedus,
651 578 680 626 et
697 591 789 627 omnes

78 649 239 716 l'mqmsitue
257 649 349 716 leges;
367 650 433 701 ruihi
452 650 494 702 ius
512 665 673 702 concurrere
691 649 757 715 seli3
893 666 931 704 sis

78 724 123 776 lle
143 726 230 792 sinite,
248 729 332 793 atque
350 726 457 778 auferte
475 730 584 780 metus:
604 742 654 793 ege
673 726 783 779 foedera
800 726 864 779 laxe

80 801 170 852 Firma
187 818 286 863 mauu;
305 802 425 853 'l'uruum
444 801 546 855 dehent
563 802 630 855 haee
647 802 701 854 iam
718 802 785 854 mihi
804 818 887 855 sacra

80 877 135 928 llas
154 877 226 931 iuter
245 894 330 944 seces,
349 878 440 931 media
457 878 530 931 inter·
548 878 614 931 talia
631 878 721 943 rerba,

80 952 153 1014 llere,
172 954 229 1006 vire
248 954 369 1007 stridens
387 954 437 1007 alis
455 954 568 1023 adlapsa
586 954 687 1022 sagitta
705 959 755 1020 est,

80 1028 224 1095 Incertum,
244 1047 299 1097 qua
317 1031 394 1098 pulsa
412 1047 501 1097 manu,
520 1047 573 1097 que
592 1029 702 1083 turbine
720 1030 824 1095 educti,
893 1044 931 1084 me

78 1105 143 1166 Quis
161 1109 265 1158 tantun
285 1106 395 1159 Rutulis
412 1106 529 1171 laudem,
548 1123 661 1159 casusne
680 1106 789 1172 deusne,

80 1181 213 1234 Attulerit
228 1203 233 1245 ;
250 1199 345 1250 pressa
363 1186 406 1235 cst
425 1182 538 1250 insignis
556 1182 642 1249 gleria
659 1183 731 1249 fecti,

78 1256 134 1308 h'ec
154 1274 213 1310 sese
233 1261 344 1311 Aeneae
361 1258 473 1311 iactavit
490 1258 600 1311 uolnere
618 1258 770 1326 quisquam.

77 1331 189 1391 Turmis.
208 1338 241 1386 ut
261 1336 372 1387 Aenean
392 1335 533 1387 cedentem
554 1351 587 1386 ex
605 1334 712 1401 agmine
730 1334 800 1389 vidit

78 1408 265 1477 'l'urhatesque
284 1410 374 1477 duces,
393 1410 483 1463 subita
498 1427 545 1478 spe
563 1410 684 1463 fervidus
702 1410 781 1464 ardet
791 1433 798 1476 ;
891 1428 930 1468 ³2³

80 1486 169 1536 l'eseit
187 1503 270 1553 eques
288 1492 371 1554 atque
390 1504 466 1538 arma
485 1487 570 1553 simul,
591 1486 717 1554 saltuque
736 1486 869 1555 superbus

81 1562 181 1613 Emicat
200 1562 227 1613 in
245 1579 360 1627 currum,
380 1568 409 1616 et
426 1563 550 1615 manibus
568 1561 679 1615 melitiu·
697 1562 820 1616 habenas.

80 1638 166 1689 Illulla
184 1638 271 1689 uirum
291 1639 406 1691 velitaris
425 1639 474 1690 dat
492 1640 574 1691 sertia
591 1655 705 1706 corpere
723 1639 796 1703 lete;

78 1713 224 1764 :icmiueeis
241 1713 325 1766 uoluit
343 1714 449 1779 multus,
470 1720 518 1767 aut
535 1716 643 1781 agmina
662 1731 741 1767 curru

81 1788 204 1852 l'reterit,
222 1793 270 1841 aut
288 1794 380 1856 raptas
398 1790 566 1856 fugientibus
584 1791 685 1858 ingerit
703 1789 802 1843 hastas.
890 1806 928 1845 πο

78 1865 169 1928 deis
188 1865 261 1932 apud
279 1866 363 1932 gelidi
381 1883 442 1919 cum
461 1867 572 1919 flumme
590 1866 710 1918 concitus
730 1865 816 1918 Hebri

77 1942 244 2006 Suriguirreus
264 1942 372 1993 lluvms
390 1942 477 2009 clipea
496 1943 625 2010 increpat,
644 1946 727 2011 atque
744 1941 860 1995 furentis

78 2017 154 2067 llcllu
172 2032 284 2069 memus
301 2017 417 2070 inmittit
435 2035 537 2084 eques;
555 2018 594 2070 illi
613 2035 730 2085 aequore
749 2020 844 2086 aperte

80 2094 152 2144 Ante
172 2093 258 2145 Notus
277 2094 485 2161 Zephyrumque
503 2094 609 2157 velant3
627 2094 713 2161 gemit
732 2093 827 2147 ultima
844 2094 926 2161 pulsu

77 2167 180 2220 'l'hraeu
193 2170 292 2236 pedum
306 2191 312 2235 3
330 2171 486 2238 circumque
498 2175 574 2223 atrae
589 2170 752 2223 Formidinis
764 2187 817 2236 era,
889 2185 927 2224 aas

79 2245 201 2312 hucque,
221 2246 403 2315 Insidiaeque,
423 2246 467 2299 dei
485 2247 637 2313 munitatae,
656 2251 789 2314 agimtur:

76 2321 147 2372 'l'ulis
165 2339 250 2389 eques
267 2323 355 2375 alacer
373 2322 464 2375 media
481 2323 555 2375 inter
571 2323 672 2390 proclia
692 2323 797 2374 Turnus

78 2397 218 2449 Fumantis
237 2399 336 2451 sedere
355 2399 452 2467 quatit,
471 2398 625 2451 miserabile
644 2399 729 2451 eaesis

79 2473 209 2525 llestibus
228 2474 380 2539 insultans,
399 2475 504 2542 spargit
522 2474 618 2542 rapida
636 2474 738 2542 ungula
754 2490 831 2527 reres

76 2549 249 2615 Sarrgninces,
268 2550 408 2616 mixtaque
427 2566 506 2602 cruer
524 2550 643 2603 calcatur
660 2567 751 2603 arena.
888 2565 927 2605 sle

77 2624 191 2690 lamque
209 2626 268 2677 neci
288 2625 502 2693 Sthenelumque
528 2625 606 2678 dedit
624 2626 834 2694 'lharnyrlmque
853 2626 925 2681 Phe·

144 2700 265 2768 lemque,

77 2777 157 2827 lluuc
170 2793 329 2842 congressus
342 2781 371 2829 et
384 2778 461 2844 hunc,
475 2779 550 2829 illum
564 2779 683 2844 eminus;
697 2780 801 2832 eminus
813 2778 894 2832 ambe

78 2852 252 2914 lmluusidas,
267 2854 398 2906 (llaucum
411 2858 495 2920 atquc
509 2854 610 2921 huden,
624 2871 692 2921 ques
705 2853 846 2909 Imbrasus
863 2854 926 2923 ipse

78 2928 218 2979 Nutrierat
238 2929 325 2996 Lycia,
345 2930 510 2996 paribusque
529 2935 673 2982 ornaverat
692 2931 780 2995 armis,

79 3004 128 3055 Vel
142 3004 264 3057 cenferre
276 3023 394 3072 manum,
407 3006 449 3058 rel
464 3022 534 3073 eque
547 3010 721 3073 praevertere
734 3010 838 3060 ventes.
886 3020 924 3061 sse

77 3078 160 3130 Parte
177 3078 229 3132 alia
247 3081 339 3133 media
357 3082 493 3134 Eumedes
511 3082 538 3133 in
556 3083 659 3150 proclia
676 3083 771 3150 fertur,
933 3076 937 3083 ⁵

78 3154 193 3221 Antiqui
210 3156 302 3222 proles
318 3156 389 3209 belle
407 3157 545 3224 praeclara
564 3158 684 3224 Deleuis,
