2032 3524
61 110 107 157 248
292 110 321 157 Ρ.
340 108 492 157 VERGILI
510 110 674 159 MARONIS

61 189 189 247 Classem,
208 206 278 256 quac
296 189 376 242 lateri
394 194 545 243 metrorum
563 191 694 243 adiuncta
710 189 823 258 latebat,

62 265 217 331 Aggeribus
235 270 356 333 saeptam
375 266 476 319 circum
494 270 524 319 ct
541 265 695 319 fluvialibus
711 266 799 335 undis,
887 300 913 340 Ι-,(,

62 340 178 397 Invadit,
197 342 336 408 sociosque
354 342 479 394 incendia
496 343 585 410 possit
602 343 715 407 (aventis,

61 418 155 485 Atque
173 434 281 469 manum
298 418 364 485 pinu
382 418 507 485 flagranti
526 418 648 470 fervidus
665 418 757 486 inplet

60 492 128 544 Turn
147 511 210 545 vero
229 493 401 555 inernnlmnt3
420 498 520 561 urguet
537 494 694 561 praesentia
712 494 810 560 Turni3

60 570 156 636 Atque
174 570 261 621 onmis
278 569 383 622 facibus
401 569 487 637 pubes
505 570 657 636 aecingitur
674 570 749 623 atris.

59 644 204 712 Diripuere
223 646 309 707 socos;
327 646 433 712 piceum
451 646 506 697 fert
523 645 627 697 sunrida
645 646 736 699 lumen
887 662 913 705 n

59 720 150 772 Tacda
168 726 196 773 et
215 721 389 773 eonimistam
410 721 546 773 Volumus
562 720 598 773 ad
615 725 691 774 aetra
708 720 837 776 favillam.

95 797 161 860 Quis
178 798 253 859 (leus,
272 813 288 848 o
307 797 410 863 Missae,
427 800 484 849 tam
503 813 583 849 sueva
600 797 727 850 incendia
744 798 858 853 Teucris

60 872 185 926 Avertit?
203 877 294 925 tantos
312 872 418 925 ratibus
436 873 498 941 qnis
516 873 622 940 depulit
638 873 725 941 ignisl

62 948 155 1002 llieite.
193 949 285 1001 Prisca
303 948 372 1001 fides
389 949 469 1011 facto,
488 948 537 1001 saal
554 948 628 1001 fama
644 949 778 1016 perennis.

60 1024 190 1092 l'empire
208 1042 262 1093 quo
280 1025 398 1093 primum
421 1025 534 1091 Phrygia
552 1024 688 1078 formabat
704 1025 732 1077 in
752 1025 805 1079 Ida
884 1042 913 1081 ee

61 1103 167 1153 Aeneas
185 1102 305 1167 classem,
324 1104 353 1153 ct
370 1101 460 1168 pelugi
477 1104 573 1167 petere
591 1101 648 1153 alta
664 1100 787 1169 parabat,

62 1176 123 1243 lpsa
143 1177 223 1229 ileum
241 1178 329 1230 fertur·
346 1177 471 1244 genetrix
493 1176 653 1243 Berecyntia
670 1194 798 1245 inagnum

62 1252 178 1305 Vocibus
197 1254 238 1305 bis
256 1253 349 1306 mlfata
368 1254 477 1305 lovem:
498 1252 547 1317 Ila,
565 1256 636 1318 nate,
655 1252 768 1320 petentt

60 1328 138 1391 Quod
156 1335 203 1381 tua
221 1346 283 1381 cara
301 1346 399 1396 parcns
417 1328 521 1381 ‹lomito
538 1332 568 1381 tc
586 1332 673 1396 poscit
691 1328 814 1397 Olympo.

62 1405 143 1457 l'inca
161 1405 227 1456 silva.
244 1405 318 1469 milri,
339 1405 438 1456 multos
456 1403 557 1456 dilecta
574 1421 624 1472 per
642 1420 741 1469 armos;
884 1422 913 1463 α

60 1480 148 1532 Lucus
166 1481 192 1531 iu
210 1496 272 1532 arce
289 1480 343 1533 fuit
361 1496 473 1546 sununs,
491 1497 545 1547 quo
563 1497 640 1533 sacra
658 1480 791 1549 ferebant,

60 1555 184 1622 Nigranti
202 1556 277 1623 picea
296 1555 475 1622 trabibusque
493 1556 624 1608 obscurus
641 1555 760 1610 acernis:

61 1631 117 1682 llas
136 1648 186 1695 ego
208 1630 342 1682 llardanio
361 1631 458 1697 iuveni,
477 1648 538 1683 eum
558 1631 652 1685 elassis
669 1636 771 1700 egeret,

60 1706 144 1758 hacta
162 1706 240 1765 delli:
258 1723 329 1758 nune
347 1707 488 1759 sollicitam
507 1707 590 1759 timor
606 1708 701 1761 anxius
718 1708 803 1776 angit

24 1787 30 1798 '
59 1781 137 1834 Solve
150 1790 244 1847 metus,
253 1785 336 1850 atquc
348 1783 398 1834 lroc
409 1782 535 1849 precibus
543 1783 602 1835 sinc
614 1799 693 1849 posse
702 1788 858 1855 parentem,
887 1802 915 1843 ue

60 1858 119 1909 Neu
137 1874 215 1909 eursu
234 1861 378 1925 quassatae
396 1857 451 1910 ullo
469 1875 522 1910 neu
539 1858 650 1912 turbine
667 1858 742 1912 venti

62 1933 225 1997 l'incanbir;
243 1934 331 2001 prosit
348 1935 448 1987 nostris
466 1935 493 1986 in
512 1933 650 1987 montibus
668 1939 750 1989 ortas.

61 2008 145 2061 l'ilius
162 2009 224 2062 huie
241 2014 343 2077 contra,
362 2014 474 2078 torquet
492 2011 538 2078 qui
557 2011 649 2063 sidera
665 2010 776 2065 mundi:

59 2086 81 2131 ll
99 2086 232 2151 genetrix,
251 2104 305 2154 quo
323 2087 381 2139 fata
398 2088 495 2139 voeasl
513 2089 561 2138 aut
580 2084 646 2153 quid
664 2087 737 2154 petis
754 2086 836 2145 istim

59 2160 202 2213 lllortaline
220 2179 301 2214 manu
319 2163 407 2214 fectae
425 2162 568 2214 inmortale
585 2162 692 2215 carinae
888 2182 915 2225 a

61 2236 112 2288 Fas
130 2236 263 2290 liabcantl
281 2243 428 2305 certusque
446 2237 551 2290 incerta
568 2238 689 2306 pericula
705 2237 810 2295 lustret

59 2315 184 2365 Aeneasl
202 2314 245 2365 cui
263 2317 341 2367 tanta
360 2313 411 2366 deo
430 2313 562 2380 permissa
579 2314 719 2382 potestas?

60 2387 153 2447 Immo,
172 2388 219 2440 ubi
238 2389 383 2441 defunctae
401 2389 482 2441 finem
501 2394 651 2457 portusque
669 2389 806 2447 tenebunt

59 2463 193 2514 Ausonios
212 2463 283 2529 olim,
303 2481 491 2532 quaecumque
510 2466 627 2518 evaserit
644 2465 726 2518 undis

58 2539 279 2606 Dardaniumque
298 2541 393 2593 (lucem
415 2541 563 2594 Laurentia
580 2541 686 2594 vexerit
701 2558 776 2607 arva,
877 2562 917 2603 ιω

58 2615 202 2666 llortalem
222 2615 334 2683 eripiam
352 2616 475 2681 formam,
492 2617 638 2685 magnique
656 2616 757 2671 iubebo

57 2691 193 2758 Aequoris
212 2707 271 2744 csse
290 2691 363 2758 deas,
382 2692 470 2759 qualis
488 2693 513 2744 N
516 2693 589 2745 creia
607 2692 679 2745 Doto

57 2766 92 2818 lit
112 2767 226 2819 Galatea
244 2771 337 2820 secant
355 2772 526 2835 spumantem
544 2773 655 2837 pectore
671 2772 798 2837 pontum.

57 2841 179 2908 Dixerat,
197 2843 281 2910 idque
299 2847 389 2896 ratum
409 2842 495 2910 Stygii
513 2860 564 2912 per
581 2845 692 2896 flumina
708 2846 815 2919 fratria,

56 2916 111 2969 l’cr
128 2918 188 2986 pice
207 2918 338 2971 torrentis
356 2921 472 2985 atraque
488 2920 618 2986 voragine
635 2920 709 2988 ripas
881 2942 922 2985 η

57 2992 172 3059 Adnuit,
190 2997 219 3046 et
237 2997 326 3046 totum
344 2999 412 3046 nutu
431 2995 585 3047 tremefecit
603 2995 758 3063 Olympum.

90 3068 164 3135 Ergo
182 3069 279 3121 aderat
297 3068 432 3136 promissa
449 3068 516 3136 dics,
535 3073 564 3122 et
583 3074 707 3137 tempora
725 3070 837 3133 Parcae

56 3141 156 3195 Debita
173 3146 346 3211 conplorent:
365 3160 425 3196 cum
444 3144 526 3197 Turni
543 3146 640 3198 iniuria
660 3146 782 3203 Matrem
