2032 3524
309 128 492 177 AENEIDOS
508 129 577 178 LIB.
597 129 661 179 XII.
861 139 906 187 331

61 207 97 264 lit
113 209 194 263 furiis
209 209 328 276 agitatus
346 225 421 261 amor
439 212 469 263 et
485 211 593 264 conscia
610 212 704 266 virtus.

61 283 100 338 Ut
117 285 234 354 primum
253 284 389 336 discussae
408 284 520 338 umbrae
538 290 566 340 et
583 286 630 339 lux
648 288 759 342 reddita
776 291 868 359 menti,

62 361 194 415 Ardentis
212 360 348 413 oculorum
367 360 442 413 orbis
459 362 495 414 ad
512 363 620 417 moenia
637 366 718 419 torsit
873 381 910 424 ero

60 435 204 502 Turbidus,
223 452 293 503 eque
311 436 379 489 rotis
397 453 522 504 magnam
540 441 662 508 respexit
679 442 715 495 ad
732 441 834 496 urbem

60 512 129 566 Ilcce
147 515 247 579 autem,
266 513 380 565 flameris
398 515 472 568 inter
488 515 612 570 tabulata
629 517 737 571 volutus

62 589 106 642 Ad
124 589 228 642 caelum
246 588 369 642 undabat
387 596 483 644 vertex
501 593 654 662 turrimque
672 594 793 662 tenebat,

59 663 173 733 Turrim,
192 665 339 733 compactis
357 667 483 720 trabibus
501 686 582 737 quam
601 670 736 725 eduxerat
752 671 811 738 ipse

52 739 280 811 -Subdideratque
298 745 372 795 rotas
390 744 537 815 pontisque
554 747 718 800 instraverat
735 747 811 800 altos

59 815 118 870 Iam
136 818 190 871 iam
208 818 273 885 fata,
293 834 369 871 soror
386 826 531 889 superant;
549 823 652 877 absiste
670 822 785 887 morari;

58 891 117 957 Quo
135 894 203 948 deus
221 899 250 949 et
268 912 322 964 quo
341 897 410 949 dura
427 912 508 952 vocat
526 897 656 962 Fortuna,
675 914 828 966 sequamur.

58 968 119 1023 Stat
131 971 252 1024 conferre
265 988 375 1024 manum
390 976 507 1040 Aeneae,
520 976 583 1040 etat,
597 973 732 1042 quidquid
747 972 839 1026 acerbi
857 977 904 1039 ost,

57 1043 148 1099 Morte
164 1047 239 1115 pati;
256 1065 345 1117 nequo
363 1066 407 1102 me
425 1050 588 1115 indecorem,
606 1065 742 1116 germana,
760 1047 866 1102 videbis

58 1122 190 1190 Amplius.
228 1123 316 1190 Hunc,
329 1140 383 1191 ore,
397 1125 454 1177 sine
466 1140 511 1177 me
522 1125 615 1177 furere
626 1128 691 1178 anto
702 1125 828 1178 furorem.
871 1138 905 1176 osi

56 1196 142 1266 Dixit,
161 1202 192 1253 ct
209 1216 224 1254 e
242 1216 324 1253 curru
342 1200 441 1254 saltum
459 1201 538 1255 dedit
555 1202 630 1254 ocius
647 1201 726 1267 arvis,

56 1271 164 1344 Perque
181 1278 274 1345 hostis,
292 1295 342 1346 per
360 1278 415 1330 tela
433 1278 496 1344 ruit,
515 1281 701 1344 maestamque
719 1293 839 1331 sororem

56 1348 175 1418 Deserit,
193 1369 224 1406 ac
242 1354 337 1422 rapido
356 1370 436 1406 cursu
454 1353 546 1406 media
563 1353 671 1420 agmina
688 1352 797 1420 rumpit.

58 1428 99 1479 Ac
116 1427 201 1482 veluti
220 1430 318 1482 montis
337 1447 432 1482 saxum
451 1430 485 1482 de
504 1430 606 1482 vertice
623 1445 754 1496 praeceps

56 1501 125 1556 Cum
142 1504 206 1571 ruit,
224 1505 344 1558 avolsum
364 1509 452 1572 vento,
471 1522 519 1558 seu
536 1504 665 1560 turbidus
679 1504 768 1558 imber
872 1516 907 1556 oso

56 1576 169 1646 Proluit,
187 1583 236 1633 aut
253 1583 330 1634 annis
349 1581 429 1635 solvit
446 1580 575 1650 sublapsa
592 1583 729 1645 vetustam

57 1651 157 1707 Fertur
175 1654 203 1707 in
221 1656 368 1725 abruptum
386 1673 483 1725 magno
501 1673 578 1710 mons
596 1655 727 1724 inprobus
744 1658 815 1722 actu,

56 1728 236 1800 Exsultatque
255 1733 319 1799 solo,
338 1734 420 1786 silvas
439 1736 565 1786 armenta
583 1734 710 1798 virosque

57 1805 199 1859 Involvens
217 1825 325 1863 secum:
344 1809 458 1862 disiecta
476 1825 525 1876 per
543 1809 650 1875 agenna
668 1807 774 1859 Turnus

55 1880 99 1934 Sic
116 1882 192 1937 urbis
209 1884 265 1938 ruit
283 1885 318 1938 ad
336 1902 435 1953 muros,
454 1885 501 1938 ubi
518 1883 635 1952 plurima
652 1883 713 1936 fuso
872 1897 907 1935 mo

55 1957 192 2026 Sanguine
209 1962 284 2014 terra
301 1962 402 2028 madet,
422 1961 597 2029 striduntque
614 1959 758 2012 hastilibus
776 1974 873 2024 aurac;

55 2033 249 2104 significatque
266 2053 355 2103 nranu,
375 2041 403 2090 et
421 2053 519 2105 magno
537 2036 616 2089 simul
634 2035 730 2103 incipit
747 2050 807 2088 oro:

56 2109 164 2162 Parcite
181 2112 242 2178 iam,
256 2112 360 2179 Rutuli,
378 2116 407 2166 et
425 2130 472 2166 ros
491 2114 546 2166 tela
563 2111 693 2175 inhibete,
713 2110 820 2176 Latini;

55 2185 248 2254 Quaecumque
266 2192 308 2241 est
327 2187 456 2255 Fortuna,
475 2205 536 2241 mea
554 2191 611 2252 est;
629 2204 673 2240 me
690 2186 781 2239 verius
798 2202 882 2238 unum

57 2260 110 2312 Pro
128 2260 206 2314 vobis
221 2261 318 2316 foedus
336 2263 419 2329 luere,
439 2268 468 2317 et
486 2264 633 2316 decernere
651 2263 731 2316 ferro.
871 2275 905 2314 cos

55 2335 212 2390 Discessere
229 2353 322 2392 omnes
340 2339 431 2407 medii,
450 2341 625 2408 spatiumque
643 2338 752 2391 dedere.

90 2413 136 2482 At
148 2415 227 2480 pater
247 2413 362 2482 Aeneas,
380 2416 474 2469 audito
493 2416 601 2469 nomine
619 2413 710 2480 Turni,

54 2488 165 2542 Deserit
183 2493 212 2543 et
229 2506 328 2557 muros,
347 2495 375 2544 ot
393 2509 511 2545 summas
530 2492 634 2546 deserit
651 2507 734 2557 arces,

55 2565 276 2634 Praecipitatquo
295 2582 383 2618 moras
401 2568 495 2633 omnis,
514 2584 597 2636 opera
615 2568 706 2620 omnia
722 2565 833 2633 rumpit,

54 2641 172 2695 Laetitia
190 2642 337 2710 exsultans,
355 2643 576 2711 horrendumque
593 2643 700 2696 intonat
718 2643 812 2694 armis:
870 2654 906 2694 roo

55 2719 178 2782 Quantus
197 2720 294 2787 Athos,
311 2722 360 2772 aut
378 2724 497 2788 quantus
516 2721 596 2789 Fryrr,
615 2722 663 2772 aut
680 2718 746 2787 ipse,
763 2717 881 2770 coruscis

54 2793 123 2847 Cum
141 2795 234 2848 fremit
250 2795 364 2865 ilicibus,
383 2800 509 2864 quantus,
527 2797 685 2864 gaudetque
702 2794 785 2847 nivali

54 2870 166 2923 Vertico
184 2888 214 2924 so
231 2871 358 2924 attollens
375 2875 455 2941 pater
475 2873 655 2939 Appenninus
673 2872 709 2924 ad
727 2885 812 2922 auras

54 2945 114 2998 Iam
132 2963 195 2998 voro
214 2950 243 2999 ot
262 2946 357 2999 Rutuli
375 2947 500 3000 certatim
519 2951 549 2999 ot
567 2948 649 2999 'l'roos
667 2950 696 2999 et
714 2961 806 2998 omncs

54 3021 220 3076 Convertere
238 3023 329 3076 oculos
348 3022 421 3090 Itali,
439 3023 540 3090 quique
558 3023 614 3075 alta
631 3022 763 3076 tenebant
865 3033 906 3078 ,ros

53 3097 170 3164 Moenia,
189 3098 291 3165 quique
309 3098 377 3151 imos
395 3097 541 3166 pulsabant
559 3097 646 3150 ariete
664 3113 763 3164 muros,

54 3172 195 3290 Arrqssaque
213 3173 365 3240 deposuero
382 3172 511 3226 humoris.
547 3173 647 3237 Stupet
664 3173 724 3238 ipse
742 3172 856 3226 Latinus
