2032 3524
334 115 520 164 AENEIDOS
536 117 606 164 LIB.
628 117 665 164 ΙΙ.
894 119 940 165 lou

112 201 235 269 Tempus
252 200 320 265 erat,
339 214 394 266 quo
411 198 501 265 prima
519 198 599 266 quies
616 197 780 251 mortalibus
798 199 889 265 aegris

79 277 183 344 incipit
200 279 230 328 et
247 273 320 327 dono
338 275 428 327 divom
447 274 606 340 gratissima
624 275 717 341 serpit

79 354 112 404 ln
133 352 242 417 somnis,
261 366 333 416 ecce,
351 353 415 402 autc
433 350 525 403 oculos
543 351 742 403 maestissimus
762 352 868 405 licetur
903 365 942 405 27⁰

78 429 164 480 Visus
183 427 280 480 adesse
297 426 373 492 mihi,
390 427 535 494 largosque
554 426 696 479 effundere
714 427 803 492 fletus,

78 503 219 570 Raptatus
235 503 315 570 bigis,
332 506 364 555 ut
383 502 529 569 quondam,
549 506 665 570 aterque
683 508 798 556 cruento

78 579 206 646 Pulvere,
224 596 330 647 perque
348 578 434 646 pedes
452 579 585 631 traiectus
603 578 661 631 lora
679 580 819 632 tumentis.

78 657 135 709 Hei
153 656 228 721 mihi,
246 655 334 723 qualis
353 658 430 707 erat!
450 658 585 722 quantum
603 659 727 707 mutatus
745 655 781 707 ab
799 655 846 708 illo

78 733 211 798 Hectore,
230 732 278 800 qui
295 730 369 783 redit
386 731 499 782 exuvias
516 730 630 782 indutus
649 731 758 791 Achilli,
902 745 941 784 ns

78 808 132 859 l'cl
152 806 277 860 Danaum
298 806 430 874 Phrygios
447 805 582 858 iaculatus
599 806 738 874 puppibus
755 808 838 873 ignis!

79 883 259 950 Squalentem
277 881 392 934 barbam
410 885 439 934 et
456 886 598 935 concretos
616 882 748 949 sanguine
765 883 847 934 crinis

78 959 255 1028 Volneraque
272 959 320 1011 illa
336 974 441 1025 gerens,
460 975 532 1025 quae
551 957 651 1010 circum
669 958 788 1026 plurima
805 976 899 1011 murm

80 1035 197 1102 Accepit
214 1035 326 1103 patrios.
361 1034 443 1087 Ultro
461 1034 529 1087 tiens
547 1034 606 1101 ipsc
625 1033 738 1086 ridebar

78 1112 251 1179 Compellare
270 1111 360 1163 virum
379 1113 408 1163 et
425 1113 544 1164 maestas
563 1127 725 1177 expromere
742 1127 834 1164 voces:
900 1125 941 1165 aaa

79 1187 102 1239 Ο
122 1187 169 1240 lux
189 1186 351 1253 Dardaniae,
371 1203 466 1254 spese
485 1186 620 1238 fidissima
639 1185 780 1254 Teucrum,

79 1263 156 1326 Quae
173 1267 269 1316 tantae
286 1267 400 1316 tenuere
418 1264 531 1315 moracl
550 1262 650 1329 quibus
670 1263 776 1315 llccter
792 1263 828 1316 ab
845 1265 903 1318 oris

79 1340 246 1406 Exspectate
263 1339 356 1392 renisi
374 1343 407 1392 ut
424 1343 453 1392 tc
471 1343 535 1406 post
553 1339 639 1390 muita
657 1342 766 1391 tuornnr

79 1416 195 1478 Funera,
212 1419 275 1483 post
293 1414 381 1468 varios
399 1415 594 1480 hominumque
613 1414 744 1482 urbisque
762 1415 870 1469 latiores

79 1491 187 1545 Defessi
204 1491 364 1559 aspicimus!
384 1507 455 1559 quae
473 1507 569 1543 caussa
586 1490 700 1558 indigna
717 1509 827 1546 serenos
898 1503 938 1544 see

79 1567 212 1620 Foedavit
230 1567 337 1620 voltus?
355 1571 403 1620 aut
421 1583 469 1618 cur
487 1566 553 1618 hacc
572 1567 682 1619 volnera
700 1571 798 1622 cernei

79 1644 131 1697 llle
148 1643 223 1711 nihil,
240 1659 291 1696 nee
308 1659 352 1696 me
370 1645 548 1710 quaerentem
568 1659 637 1695 vana
655 1648 784 1711 nromtur,

78 1719 134 1772 Sed
152 1719 273 1786 graviter
290 1720 411 1786 gemitus
429 1719 483 1770 imo
502 1717 667 1787 depectere
685 1719 794 1787 ducens,

78 1795 144 1847 Heu
161 1795 232 1862 fuge,
250 1799 316 1848 nate
335 1795 394 1860 dea,
412 1797 496 1862 teque
514 1794 563 1861 his,
582 1795 628 1860 ait,
646 1796 721 1864 cripe
738 1797 861 1850 flarrnnis

78 1871 176 1924 Hostis
194 1871 278 1924 habet
296 1887 402 1935 muros;
421 1870 477 1923 ruit
495 1871 551 1924 alto
569 1888 586 1923 a
603 1871 720 1924 culmine
739 1873 825 1928 Troia.
897 1885 938 1925 m

78 1947 128 2000 Sat
145 1948 250 2014 patriae
270 1946 434 2014 Priamoque
452 1945 562 2000 datum:
581 1947 603 1998 si
624 1946 757 2014 Pergama
774 1949 874 2002 dextra

78 2022 197 2075 Defendi
214 2024 334 2090 possent,
354 2022 437 2074 ctiam
455 2020 506 2074 hac
524 2021 637 2074 defensa
654 2023 781 2077 fixissent:

78 2099 163 2151 Sacra
180 2114 297 2166 suosque
315 2098 366 2150 tibi
384 2098 558 2150 commendat
576 2098 655 2151 Troia
674 2099 797 2154 Penatis:

80 2174 140 2226 lios
158 2189 224 2241 cape
242 2174 359 2226 fatorum
376 2174 497 2239 comites,
517 2173 559 2226 his
576 2175 683 2227 rnocnia
701 2192 800 2242 quaero
835 2209 839 2217 ·

80 2249 188 2316 Magna,
206 2254 347 2318 pererrato
366 2255 472 2304 statues
492 2267 562 2318 quae
580 2250 701 2318 denique
719 2258 807 2319 ponto.
896 2269 935 2309 aas

79 2325 123 2378 Sic
141 2325 186 2392 ait,
206 2328 235 2379 ct
253 2326 376 2380 manibus
395 2326 479 2378 vittas
499 2326 669 2394 Vestamque
687 2333 826 2396 potentem

80 2403 288 2471 Aeternumque
305 2402 396 2472 adytis
415 2402 494 2455 effert
512 2403 699 2471 penetralibus
716 2405 813 2474 ignem.

114 2477 228 2531 Diverso
245 2479 353 2532 interea
371 2478 520 2532 miscentur
539 2481 646 2533 moenia
664 2481 745 2549 luctu,

78 2555 114 2607 Et
133 2555 219 2622 magis
235 2560 320 2624 atque
338 2554 433 2621 magle,
453 2571 616 2622 quamquam
635 2562 740 2611 secreta
757 2563 878 2627 parentis

79 2631 213 2684 Anchisae
231 2631 329 2684 demus
347 2629 545 2699 arboribusque
563 2631 673 2687 obtecta
690 2637 809 2700 recessit,
895 2647 934 2688 auo

78 2706 240 2760 Clarcseunt
257 2708 371 2772 sonitus,
390 2721 582 2775 armonrmquc
600 2709 702 2777 ingruit
719 2711 822 2763 horror.

79 2781 210 2834 Excutior
227 2798 326 2847 somno,
345 2785 376 2835 et
394 2782 492 2834 summi
508 2783 616 2852 fastigia
633 2786 701 2838 tecti

80 2858 204 2909 Ascensu
222 2872 328 2924 supero,
346 2859 431 2924 atque
449 2859 562 2912 arrectis
579 2860 689 2914 auribus
707 2864 800 2916 misto:

80 2932 112 2984 In
132 2935 255 2999 segetem
273 2931 360 2984 veluti
377 2947 439 2984 cum
456 2931 563 2988 flamma
580 2936 734 2990 furentibus
751 2938 851 2990 austris

80 3007 190 3074 Incidit,
209 3010 257 3060 aut
275 3005 389 3072 rapidus
406 3010 533 3061 montano
551 3011 661 3063 flumine
679 3015 786 3066 torrens
894 3022 934 3065 aet

80 3082 183 3136 Sternit
201 3097 290 3150 agros,
309 3079 411 3133 sternit
427 3085 486 3136 sata
502 3085 575 3138 lacta
592 3086 731 3153 boumque
748 3086 861 3156 labores,

80 3157 296 3228 Praecipitisquo
314 3153 404 3210 trahit
420 3155 506 3225 silvas,
525 3162 619 3228 stupet
636 3160 737 3216 inscius
754 3162 809 3218 alto
