2032 3524
358 112 540 160 AENEIDOS
557 112 627 162 LIB.
648 112 698 170 iV.
901 114 948 163 155

95 199 149 250 'l'er
167 198 277 249 centum
295 198 373 248 tonat
392 210 438 246 ore
456 193 529 259 deos,
548 193 722 262 Erebumque
741 194 884 262 Chaosque
912 209 949 248 515

95 272 339 339 Tergeminamque
359 270 491 337 llecaten,
510 270 564 322 tria
582 270 695 337 virginis
714 287 762 323 ora
780 271 893 325 Dianae.

95 350 240 417 Sparserat
257 351 286 401 et
304 347 400 400 latices
420 346 562 399 simulatos
580 346 665 399 fontis
685 347 796 413 Averni,

96 423 223 477 Faleibus
241 427 269 477 et
287 440 391 476 messae
410 423 446 475 ad
466 423 570 476 Lunam
589 427 758 492 quaeruntur
776 425 851 477 aenis

96 501 234 553 l'ubentes
252 500 352 553 herbae
370 500 441 567 nigri
460 516 521 552 curn
539 500 610 552 lacte
628 501 741 565 reneni;

95 577 242 641 Quaeritur
260 579 289 629 et
306 576 443 629 nascentis
462 576 526 644 equi
545 574 581 628 de
599 575 690 628 fronte
709 576 832 630 revolsus
912 591 949 632 515

95 653 131 706 Et
149 653 230 705 matri
248 656 412 721 praereptus
431 668 514 704 amor.

96 730 160 797 lpsa
178 728 248 781 mola
265 729 445 796 manibusque
463 729 515 795 piis
534 728 632 782 altaria
651 728 736 796 iuxta,
807 794 810 800 .

95 805 186 858 Unum
204 809 286 859 exuta
303 805 402 874 pedem
422 805 523 871 vinclis,
542 805 571 857 in
589 809 666 858 veste
684 806 810 873 recincta,

94 881 222 934 Testatur
240 882 373 934 meritura
391 881 457 934 deos
476 884 505 934 et
523 881 628 933 conseia
646 881 693 933 fati

94 958 205 1023 Sidera3
223 962 290 1026 tum,
309 958 331 1010 si
370 958 424 1009 uod
442 974 496 1009 non
514 973 600 1024 aequo
619 956 729 1009 foedere
748 958 865 1011 amantis
912 982 947 1021 mo

94 1034 183 1088 Curae
200 1051 300 1086 numen
318 975 401 1086 hailei
419 1033 577 1099 iustumque
595 1048 760 1099 memorque,
778 1036 912 1099 precatur.

128 1111 153 1162 N
156 1127 191 1163 ox
209 1113 276 1175 erat,
295 1113 324 1162 et
342 1107 477 1176 placidum
497 1105 645 1174 carpebant
663 1107 735 1160 fessa
754 1124 878 1175 soporem

95 1187 214 1254 Corpora
231 1202 281 1252 per
299 1188 395 1249 terras,
416 1183 553 1250 silvaeque
572 1186 601 1234 et
620 1199 700 1236 saeva
719 1184 845 1252 quierant

96 1266 232 1329 Aequora,
252 1277 313 1313 eum
331 1259 423 1311 medio
442 1259 587 1311 volvuntur
608 1257 699 1312 sidera
717 1260 800 1327 lapsu,

95 1339 164 1391 Cum
177 1340 251 1390 tacet
263 1336 350 1389 onmis
362 1352 435 1403 ager,
448 1334 567 1403 pecudes
580 1334 725 1403 pictaeque
737 1335 866 1404 volucres,
911 1351 948 1391 555

95 1414 225 1481 Quaeque
242 1412 316 1465 lacus
334 1413 389 1465 late
408 1412 532 1480 liquidos,
552 1428 676 1479 quaeque
695 1429 792 1480 aspera
810 1412 901 1466 dumis

96 1491 170 1543 ltura
187 1492 290 1556 tenent,
309 1505 401 1541 somno
420 1489 524 1556 positae
543 1487 593 1541 sub
613 1491 693 1541 nocte
715 1489 804 1542 silenti

94 1565 241 1635 [Lenibant
259 1582 344 1632 curas,
365 1569 393 1618 et
411 1565 494 1617 corda
512 1564 596 1618 oblita
615 1563 757 1633 laboruml.

95 1643 135 1696 At
152 1659 205 1696 non
223 1641 316 1695 infelix
333 1642 416 1694 animi
436 1641 590 1706 Phoenissa,
609 1657 659 1694 nec
678 1657 808 1709 umquam

95 1719 213 1772 Solvitur
230 1719 258 1770 in
276 1734 391 1784 somnos,
410 1718 527 1771 oculisve
546 1720 594 1769 aut
613 1720 723 1784 pectore
741 1721 850 1771 noctem
911 1730 948 1772 555

96 1796 218 1862 Accipit:
237 1795 406 1862 ingeminant
423 1810 512 1861 curae,
530 1810 679 1861 rursusque
697 1810 843 1862 resurgens

96 1872 187 1925 Saevit
205 1888 288 1936 amor,
307 1887 459 1937 magnoque
476 1871 579 1922 irarum
597 1869 712 1922 fluctuat
729 1874 814 1923 aestu.

96 1948 139 2001 Sic
156 1947 225 1998 adeo
242 1945 354 2010 insistit,
373 1961 518 2011 secumque
536 1945 575 1996 ita
593 1944 675 1996 corde
695 1945 813 1998 volutat:

97 2022 146 2088 En,
164 2020 231 2089 quid
248 2022 316 2086 agol
335 2025 464 2071 rursusne
481 2035 578 2086 procos
596 2019 679 2071 inrisa
697 2020 802 2085 priores

98 2096 237 2165 Experiar,
256 2093 465 2161 Nomadumque
483 2097 575 2160 petam
595 2092 728 2145 connubia
747 2094 868 2162 supplex,
910 2108 948 2150 555

98 2175 171 2238 Quos
190 2186 239 2237 ego
258 2170 308 2222 sim
326 2170 428 2222 totiens
445 2169 498 2221 iam
518 2168 666 2234 dedignata
684 2169 812 2223 maritosl

101 2250 195 2302 iliacas
212 2247 296 2314 igitur
314 2245 406 2298 classis
424 2249 507 2312 atque
525 2244 622 2296 ultima
640 2244 771 2298 Teucrum

101 2326 177 2377 iussa
195 2323 307 2391 sequarl
327 2321 426 2390 quiane
444 2320 544 2374 auxilio
561 2319 636 2373 iuvat
654 2323 718 2372 ante
734 2320 845 2387 levatos,

99 2401 134 2454 Et
151 2400 221 2453 bene
239 2398 312 2468 opud
332 2414 465 2451 memores
484 2397 587 2450 veteris
606 2399 661 2449 stat
678 2396 767 2463 gratia
784 2397 865 2451 fact'l

98 2477 164 2542 Quis
176 2493 220 2529 me
232 2480 332 2538 autem,
344 2475 388 2527 iae
399 2474 476 2539 velle,
490 2474 569 2540 sinet,
582 2473 721 2526 ratibusve
735 2472 860 2542 superbis
911 2486 948 2526 tro

100 2555 217 2606 larisam
235 2552 363 2621 aecipietl
382 2552 470 2604 neseis
488 2551 549 2618 lieu,
567 2549 683 2619 perdita,
701 2550 817 2603 necdum

99 2629 316 2683 Laomedonteae
334 2629 419 2682 sentis
436 2628 558 2697 periuria
576 2627 683 2695 gentisl

99 2705 173 2768 Quid
190 2707 267 2758 tuml
286 2705 343 2758 sola
360 2706 425 2773 iuga
442 2707 539 2758 nautas
558 2703 708 2757 comitabor
725 2702 849 2756 orantisl

100 2785 146 2833 An
164 2780 249 2847 Tyriis
266 2782 393 2849 omnique
410 2798 492 2833 manu
510 2780 613 2847 stipata
629 2795 751 2832 meorum

100 2857 214 2923 Inserer,
233 2858 268 2921 et,
286 2873 354 2924 quos
373 2855 483 2909 Sidonia
499 2856 545 2909 vix
562 2855 631 2908 urbe
649 2854 749 2920 revelli,
911 2863 949 2904 545

100 2933 206 2985 Rursus
222 2948 300 2999 agam
319 2931 422 2999 pelago,
441 2934 470 2984 et
487 2932 576 2984 ventis
594 2930 660 2983 dare
678 2926 871 2982 vela'iubeboi

100 3009 171 3073 Quin
190 3024 303 3074 morere,
322 3009 355 3059 ut
371 3005 470 3060 merita
487 3006 668 3074 es,·ferroque
686 3006 779 3057 averte
797 3002 926 3054 dolorem.

100 3084 141 3136 'l'n
158 3083 276 3137 lacrimis
293 3084 382 3138 evicta
399 3083 475 3151 meis,
491 3086 524 3137 tu
541 3084 629 3152 prima
645 3081 785 3134 furentem

101 3159 317 3278 Hisgermana,
330 3159 406 3213 malis
424 3174 523 3212 oneras
542 3160 628 3226 atque
645 3155 740 3209 obiiois
756 3153 836 3208 hosti.
