2032 3524
343 110 550 160 GEORGICON
569 111 637 160 LIB.
658 112 681 162 1.
699 110 702 114 “
909 112 939 156 33

86 194 173 258 Quam
192 191 286 247 Cereri
304 195 379 246 torta
396 191 540 245 redimitus
558 194 683 260 tempora
701 205 802 260 quercu

86 269 140 322 Det
158 272 248 322 metus
265 269 446 337 inconpositos
466 272 495 322 et
513 270 633 322 earmina
651 269 730 322 dieat.
904 279 941 319 350

119 350 214 414 Atque
232 345 298 398 hacc
317 350 348 398 ut
366 346 446 399 certis
465 362 606 414 possemus
625 346 730 399 discere
749 345 837 412 signis,

84 425 249 489 Aestusque,
269 423 436 490 pluviasque,
458 425 488 475 et
506 423 611 490 agentis
629 423 731 490 frigora
749 424 851 488 ventos,

83 498 148 567 Ipse
169 500 251 552 Pater
270 500 375 562 statuit,
396 499 621 566 quidmenstrur
640 498 716 551 Luna
733 503 871 564 moneret3

83 575 142 640 Quo
160 576 236 643 signo
256 575 385 628 caderent
405 576 503 641 austri;
530 576 596 643 quid
614 593 695 644 saepe
714 577 837 630 videntes

83 652 227 719 Agricolae
246 653 357 721 propius
379 652 492 707 stabulis
512 657 635 705 armenta
653 658 787 709 tenerent.
904 667 940 706 aaa

82 728 223 793 Continuo,
242 729 330 782 ventis
349 729 530 796 surgentibus,
550 732 598 781 aut
616 729 687 782 freta
705 731 780 798 ponti

82 799 342 874 Incipiunt'agitata
361 808 514 858 tumescere
533 809 562 858 et
580 805 672 859 aridus
691 807 752 859 altis

82 880 224 936 Montibus
244 880 331 934 audiri
351 881 450 949 fragor,
471 885 519 934 aut
537 883 692 935 resonantia
710 882 790 950 longe

82 956 176 1010 Litora
195 957 301 1010 misceri
322 960 352 1010 et
369 973 510 1010 nemorum
529 957 715 1012 increbescere
733 975 863 1011 murmur.
927 973 929 977 ’

82 1033 142 1086 Iam
162 1033 212 1087 sibi
231 1038 290 1087 tum
310 1034 399 1087 curvis
418 1034 488 1086 male
506 1038 643 1101 temperat
660 1035 735 1087 unda
751 1035 856 1101 carinis,
903 1047 940 1086 aaa

82 1110 150 1164 Cum
169 1110 260 1162 medio
279 1109 382 1162 celeres
401 1109 524 1162 revolant
541 1126 575 1161 ex
594 1126 714 1177 aequore
731 1111 818 1177 mergi

82 1186 290 1253 Clamoremque
309 1185 401 1238 ferunt
420 1184 455 1236 ad
474 1184 561 1250 litora,
581 1202 698 1253 eumque
715 1188 835 1239 marinae

86 1262 117 1315 ln
136 1262 204 1313 sicco
223 1259 322 1312 ludunt
340 1260 444 1327 fulicae,
462 1265 596 1329 notasque
614 1261 720 1329 paludis

84 1337 192 1390 Deserit
211 1341 295 1404 atque
313 1337 396 1389 altam
415 1352 497 1404 supra
515 1337 588 1390 velat
606 1337 689 1391 ardea
707 1338 814 1392 nubem.
856 1402 858 1407 Ι

82 1415 169 1482 Saepe
189 1414 275 1467 etiam
290 1413 390 1480 stellas,
409 1416 491 1466 vento
509 1413 683 1481 inpendente,
701 1414 806 1468 videbis
901 1428 938 1470 ³oe

84 1490 242 1558 Praecipitis
263 1489 337 1542 caelo
356 1488 417 1555 labi,
436 1490 577 1558 noctisque
595 1506 645 1558 per
663 1490 787 1544 umbram

83 1567 266 1622 Flammarum
286 1565 381 1632 longos
403 1583 419 1618 a
436 1569 514 1633 tergo
533 1566 671 1620 albescere
690 1571 807 1632 tract11s;

82 1643 169 1711 Saepe
188 1642 275 1694 levem
294 1641 400 1710 paleam
419 1646 447 1694 et
464 1642 574 1695 frondes
594 1643 707 1696 volitare
725 1643 846 1710 caducas,

83 1722 142 1772 Aut
161 1734 265 1772 summa
284 1718 373 1770 nantis
391 1718 417 1770 iu
438 1735 508 1786 aqua
526 1719 662 1772 colludere
680 1720 791 1788 plrunas.

83 1796 123 1847 At
143 1796 247 1848 Boreae
266 1793 301 1847 de
318 1797 398 1863 parte
416 1795 499 1847 trucis
517 1812 577 1848 cmn
596 1796 728 1862 fulminat,
747 1800 853 1849 etcum
899 1810 936 1852 ³70

82 1870 201 1938 Eurique
221 1870 390 1939 Zephyrique
410 1874 487 1922 tonat
507 1871 615 1924 domus:
640 1873 729 1926 onmia
746 1872 832 1940 plenis

41 2004 43 2006 ³
82 1945 157 1998 Rura
174 1950 271 1999 natant
289 1947 374 2012 fossis,
395 1950 477 2013 atque
495 1947 581 1999 omnis
599 1949 689 2001 navita
706 1952 791 2018 ponto

82 2021 205 2075 Humida
223 2021 282 2074 vela
299 2021 372 2088 legit.
413 2022 567 2089 Numquam
585 2024 793 2092 inprudentibus
810 2023 898 2077 imber

82 2096 191 2150 Obfuit:
216 2100 264 2149 aut
281 2096 356 2148 illum
376 2101 533 2162 surgentem
551 2099 665 2152 vallibus
682 2101 742 2152 imis

83 2173 182 2225 Aeriae
200 2172 295 2239 ingere
313 2187 402 2238 grues,
422 2176 470 2224 aut
488 2171 585 2226 bucula
603 2175 706 2227 caelum
899 2187 935 2229 ete

81 2248 234 2316 Suspieieus
252 2247 351 2317 patulis
371 2249 491 2316 captavit
510 2249 619 2302 naribus
637 2266 724 2318 auras,

82 2327 140 2377 nur
157 2329 255 2393 arguta
272 2324 345 2377 lacus
366 2325 590 2378 circumvolitavit
607 2326 730 2390 hirrmd0,

82 2401 118 2453 lit
135 2405 256 2454 veterem
273 2401 301 2454 in
321 2402 384 2454 limo
403 2418 485 2454 ranae
503 2402 625 2456 cecinere
643 2402 788 2470 querclam.

80 2478 193 2545 Saepius
210 2482 239 2531 et
257 2479 337 2532 tectis
356 2477 541 2546 penetralibus
559 2479 659 2532 extulit
677 2496 727 2531 eva

82 2554 237 2620 Angustum
254 2554 367 2607 formica
386 2558 480 2607 terens
498 2555 558 2622 iter,
578 2559 606 2608 ct
624 2556 694 2608 bibit
710 2557 806 2623 ingens
899 2569 934 2608 asa

81 2630 177 2697 Areus,
195 2636 224 2684 et
242 2648 257 2685 e
275 2637 356 2699 pastu
377 2630 512 2683 decedens
531 2633 637 2699 agmine
655 2649 752 2699 magno

81 2705 229 2761 Corverum
246 2708 381 2775 increpuit
401 2707 491 2759 densis
509 2708 644 2761 exercitus
662 2707 717 2760 alis.

82 2781 141 2834 Iam
158 2784 246 2836 varias
263 2785 350 2853 pelagi
371 2784 499 2853 volucres,
520 2789 548 2837 et
568 2802 637 2852 quae
657 2785 724 2837 Asia
741 2784 840 2836 circum

80 2856 212 2911 Dulcibus
229 2861 256 2912 in
276 2863 378 2928 sturnis
399 2863 531 2916 rimantur
548 2865 628 2932 prata
647 2860 760 2929 Caystri,

81 2933 214 2988 Certatim
231 2938 320 3007 largos
339 2938 459 2992 hnmcn's
477 2939 619 2991 infundere
636 2953 719 3002 rores,
895 2949 932 2988 aas

80 3010 159 3066 Nunc
177 3019 259 3084 caput
278 3015 414 3069 obiectare
432 3016 517 3082 fretis,
535 3033 606 3068 nunc
624 3030 733 3068 currere
750 3011 777 3062 in
795 3010 889 3077 undas,

80 3087 116 3141 llt
134 3092 225 3145 studio
243 3093 377 3145 ineassum
396 3091 488 3144 videas
506 3092 608 3159 gestire
626 3089 740 3142 lavandi.
809 3134 811 3139 ,

80 3163 149 3220 Tum
167 3169 259 3222 cornix
277 3167 359 3235 plena
376 3166 494 3232 pluviam
510 3169 589 3218 vocat
606 3164 720 3233 inproba
737 3181 802 3219 veae
