2032 3524
341 111 522 160 AENEIDOS
539 109 609 161 LIB.
628 109 677 158 VI.
889 111 934 159 201

83 194 125 246 Ac
142 190 219 246 volut
236 190 264 244 iu
282 192 370 260 pratis
387 192 435 245 ubi
453 207 518 260 apes
536 194 642 245 aestate
661 207 758 245 serena

86 268 210 321 Floribus
227 267 349 322 insidunt
366 268 454 335 variis,
472 272 501 321 et
519 267 636 320 candida
653 268 754 320 circum

84 345 152 412 Lilia
170 344 335 409 funduntur3
354 345 453 412 strepit
471 344 557 396 omnis
575 360 714 395 murmure
732 357 853 410 campus.

84 420 226 474 Horrescit
245 422 304 473 visu
322 420 418 485 subito,
438 435 600 486 caussasque
618 418 734 486 requirit
899 432 935 473 no

83 496 188 550 Inscius
208 500 324 562 Aeneas,
343 512 413 564 quae
432 496 486 548 sint
504 512 536 548 ea
554 495 664 548 flumina
682 511 771 564 porro,

83 574 168 638 Quive
186 573 237 626 viri
256 576 333 626 tanto
352 571 503 640 conplerint
521 571 629 639 agmine
647 572 727 640 ripas

82 648 150 701 Tum
167 653 247 717 pater
267 649 414 701 Anchises:
435 649 558 714 Animae,
577 647 675 715 quibus
693 648 781 701 altera
798 646 855 700 fato

82 724 201 794 Corpora
219 725 362 791 debentur,
383 724 495 778 Lethaei
513 724 549 776 ad
567 724 685 777 fluminis
702 724 804 777 undam

81 801 195 854 Securos
212 801 307 854 latices
325 805 354 854 et
371 801 451 867 longa
469 799 568 853 oblivia
585 805 688 867 potant.
898 813 933 852 ns

81 877 140 929 Has
158 877 285 945 equidem
304 893 455 929 memorare
473 876 523 929 tibi
542 880 626 943 atquo
644 877 789 930 ostendere
807 891 905 940 coram,

81 952 247 1020 Iampridem
263 953 331 1005 hano
349 952 453 1020 prolem
472 952 548 1018 cupio
567 967 725 1003 enumerare
743 967 873 1014 meorum,

80 1029 139 1092 Quo
157 1029 243 1095 magis
263 1028 345 1079 Italia
362 1043 469 1078 mecum
487 1026 589 1077 lactere
607 1029 723 1092 reperta.

79 1105 102 1178 l)
115 1108 201 1171 pater,
214 1119 284 1155 anne
296 1103 400 1168 aliquas
413 1101 449 1153 ad
465 1101 570 1153 eaelum
587 1099 649 1152 hino
665 1101 705 1152 ire
720 1100 873 1167 putandum
890 1105 933 1154 est

79 1179 206 1232 Sublimis
225 1178 335 1242 animas,
355 1177 507 1242 iterumque
525 1175 560 1227 ad
579 1175 659 1227 tarda
676 1176 776 1228 reverti
897 1189 933 1230 rao

81 1255 218 1321 Corporal
238 1268 308 1320 quae
327 1252 394 1304 lucis
411 1252 518 1304 miseris
536 1255 593 1304 tarn
612 1250 671 1302 dira
689 1250 803 1318 cupidol

80 1330 176 1382 Dicam
195 1328 328 1396 equidem,
347 1345 397 1381 nec
415 1333 444 1381 to
462 1345 629 1396 suspensum,
648 1331 719 1393 nate,
739 1326 854 1392 tenebo;

80 1405 196 1473 Suscipit
217 1404 356 1471 Anchises
374 1408 457 1471 atque
477 1405 571 1458 ordino
590 1404 696 1471 singula
714 1403 817 1471 pandit.

116 1482 250 1550 Principio
268 1481 371 1534 caelum
389 1498 421 1535 ac
439 1485 526 1534 terras
544 1496 707 1548 camposque
726 1478 856 1548 liquentis

79 1559 281 1627 Lucentemquo
298 1557 409 1626 globum
430 1559 521 1610 Lunae
540 1558 699 1623 Titaniaque
718 1559 793 1609 astra
896 1571 932 1612 726

79 1636 195 1703 Spiritus
214 1636 286 1688 intus
304 1635 360 1701 alit,
380 1632 520 1702 totamque
538 1633 627 1685 infusa
645 1649 694 1699 per
713 1635 789 1684 artus

79 1712 159 1764 Mens
176 1713 263 1780 agitat
282 1712 380 1764 molem
400 1715 428 1764 et
447 1727 544 1778 magno
563 1727 592 1761 se
609 1724 723 1776 corporo
741 1708 843 1761 miscet.

80 1788 149 1841 Inde
166 1789 303 1842 hominum
322 1788 511 1856 pecudumque
529 1803 614 1854 genus
633 1785 761 1852 vitaeque
779 1783 918 1837 volantum

79 1864 115 1917 llt
133 1881 202 1934 quae
220 1881 372 1916 marmoreo
390 1863 445 1917 fert
464 1867 585 1916 monstra
603 1863 653 1915 sub
671 1876 789 1927 aequore
807 1865 913 1927 pontus.

79 1940 181 2007 Igneus
199 1948 241 1993 est
260 1941 319 1992 ollis
337 1941 413 2006 vigor
430 1943 459 1992 et
477 1940 602 1991 caelestis
620 1939 695 2004 origo
895 1951 932 1991 73⁰

79 2016 239 2082 Seminibus,
257 2019 389 2082 quantrun
406 2031 459 2066 non
476 2015 557 2066 noxia
574 2029 687 2081 corpora
704 2014 816 2066 tardant

78 2091 246 2158 Terrenique
264 2090 395 2143 hebetant
412 2093 488 2142 artus
505 2087 720 2157 moribundaque
738 2089 866 2142 membra.

82 2168 152 2219 Hine
175 2168 302 2219 metuunt
324 2165 498 2233 cupiuntque,
523 2164 618 2217 dolent
640 2164 823 2232 gaudentque,
841 2181 931 2234 neque

147 2258 227 2295 auras

80 2319 239 2386 Respieiunt
257 2318 363 2371 clausae
382 2316 503 2371 tenebris
522 2321 550 2370 et
568 2334 676 2370 carcero
694 2312 778 2372 caeco.

79 2396 150 2458 Quin
168 2398 197 2448 et
215 2411 341 2462 supremo
359 2411 420 2447 eum
438 2394 539 2446 lumine
557 2394 613 2446 vita
631 2393 749 2461 reliquit,
894 2408 931 2449 735
954 2422 958 2427 ·

80 2472 141 2524 Non
160 2476 252 2524 tamen
271 2487 350 2523 omne
368 2470 468 2522 malum
486 2469 592 2522 miseris
610 2486 659 2522 nec
676 2470 801 2523 funditus
818 2486 913 2524 ornnes

80 2549 232 2616 Corporeac
251 2547 387 2601 excedunt
404 2549 502 2614 pestes,
521 2545 682 2614 penitusque
699 2563 809 2600 neeesse
827 2551 871 2600 ost

79 2623 169 2677 Multa
186 2624 233 2676 diu
251 2627 377 2676 concreta
394 2622 483 2674 modis
500 2621 647 2674 inolescere
664 2622 748 2678 miris

79 2699 152 2767 llrgo
170 2703 332 2752 exercentur
349 2698 451 2766 poenis,
471 2701 646 2766 veterumque
663 2699 796 2751 malorum

79 2775 217 2843 Supplicia
234 2774 406 2842 expendunt:
424 2773 492 2826 aliae
510 2773 668 2841 panduntur
685 2773 772 2826 inanis
894 2783 932 2826 74⁰

79 2852 232 2919 Suspensas
250 2851 286 2903 ad
304 2854 415 2913 ventos3
433 2849 493 2902 aliis
511 2849 561 2901 sub
579 2850 686 2916 gurgite
704 2852 782 2902 vasto

79 2927 217 2982 Infecturn
236 2927 336 2979 eluitur
355 2925 448 2992 seclus,
466 2929 514 2979 aut
532 2925 656 2978 exuritur
674 2925 743 2993 igni;
769 2954 771 2959 .

79 3005 202 3071 Quisque
220 3018 281 3056 suos
299 3002 418 3070 patimur
436 3002 538 3067 Manis;
556 3001 655 3055 exinde
673 2999 860 3070 peramplum

79 3080 219 3133 Mittimur
238 3078 366 3148 Elysium,
385 3082 414 3131 et
432 3078 510 3146 pauci
528 3078 601 3132 laeta
618 3094 683 3132 arva
701 3082 840 3144 tenemus;

79 3155 172 3208 Donec
189 3154 270 3224 longa
287 3154 353 3215 dies,
370 3152 491 3222 perfecto
501 3154 639 3224 ‘temporis
656 3152 730 3224 orbe,
891 3165 929 3207 747
