<?xml version="1.0" encoding="UTF-8"?>
<!DOCTYPE html PUBLIC "-//W3C//DTD XHTML 1.0 Transitional//EN"
    "http://www.w3.org/TR/xhtml1/DTD/xhtml1-transitional.dtd">
<html xmlns="http://www.w3.org/1999/xhtml" xml:lang="en" lang="en">
 <head>
  <title>
</title>
<meta http-equiv="Content-Type" content="text/html;charset=utf-8" />
  <meta name='ocr-system' content='tesseract 3.04.00' />
  <meta name='ocr-capabilities' content='ocr_page ocr_carea ocr_par ocr_line ocrx_word'/>
</head>
<body>
  <div class='ocr_page' id='page_1' title='image "./publivergilimar01virggoog/publivergilimar01virggoog_0246.png"; bbox 0 0 2032 3524; ppageno 0'>
   <div class='ocr_carea' id='block_1_1' title="bbox 346 129 943 179">
    <p class='ocr_par' dir='ltr' id='par_1_1' title="bbox 346 129 943 179">
     <span class='ocr_line' id='line_1_1' title="bbox 346 129 943 179; baseline -0.002 0"><span class='ocrx_word' id='word_1_1' title='bbox 346 130 528 179; x_wconf 84' lang='lat' dir='ltr'>AENEIDOS</span> <span class='ocrx_word' id='word_1_2' title='bbox 546 129 615 178; x_wconf 91' lang='lat' dir='ltr'>LIB.</span> <span class='ocrx_word' id='word_1_3' title='bbox 635 129 715 177; x_wconf 70' lang='lat' dir='ltr'>Vni.</span> <span class='ocrx_word' id='word_1_4' title='bbox 897 129 943 178; x_wconf 75' lang='lat'>237</span> 
     </span>
    </p>
   </div>
   <div class='ocr_carea' id='block_1_2' title="bbox 97 212 976 3018">
    <p class='ocr_par' dir='ltr' id='par_1_2' title="bbox 97 212 949 1577">
     <span class='ocr_line' id='line_1_2' title="bbox 100 212 808 284; baseline -0.003 -16"><span class='ocrx_word' id='word_1_5' title='bbox 100 215 213 284; x_wconf 75' lang='lat' dir='ltr'>Accepit</span> <span class='ocrx_word' id='word_1_6' title='bbox 232 214 339 268; x_wconf 90' lang='lat' dir='ltr'>solitam</span> <span class='ocrx_word' id='word_1_7' title='bbox 358 214 501 278; x_wconf 86' lang='lat' dir='ltr'>flammam,</span> <span class='ocrx_word' id='word_1_8' title='bbox 520 216 658 280; x_wconf 89' lang='lat' dir='ltr'>notusque</span> <span class='ocrx_word' id='word_1_9' title='bbox 675 212 808 266; x_wconf 83' lang='lat' dir='ltr'>medullas</span> 
     </span>
     <span class='ocr_line' id='line_1_3' title="bbox 97 289 947 357; baseline -0.006 -13"><span class='ocrx_word' id='word_1_10' title='bbox 97 294 217 345; x_wconf 80' lang='lat' dir='ltr'><strong>Intravit</strong></span> <span class='ocrx_word' id='word_1_11' title='bbox 234 291 314 356; x_wconf 87' lang='lat' dir='ltr'>calor,</span> <span class='ocrx_word' id='word_1_12' title='bbox 333 295 361 344; x_wconf 86' lang='lat' dir='ltr'>et</span> <span class='ocrx_word' id='word_1_13' title='bbox 380 290 513 343; x_wconf 87' lang='lat' dir='ltr'>labefacta</span> <span class='ocrx_word' id='word_1_14' title='bbox 531 306 581 357; x_wconf 87' lang='lat' dir='ltr'>per</span> <span class='ocrx_word' id='word_1_15' title='bbox 599 305 660 341; x_wconf 89' lang='lat' dir='ltr'>ossa</span> <span class='ocrx_word' id='word_1_16' title='bbox 678 289 810 344; x_wconf 75' lang='lat' dir='ltr'><strong>cucurrit:</strong></span> <span class='ocrx_word' id='word_1_17' title='bbox 911 301 947 339; x_wconf 85' lang='lat' dir='ltr'>aso</span> 
     </span>
     <span class='ocr_line' id='line_1_4' title="bbox 97 366 878 436; baseline -0.005 -14"><span class='ocrx_word' id='word_1_18' title='bbox 97 370 123 422; x_wconf 90' lang='lat' dir='ltr'>N</span> <span class='ocrx_word' id='word_1_19' title='bbox 125 387 158 422; x_wconf 92' lang='lat' dir='ltr'>on</span> <span class='ocrx_word' id='word_1_20' title='bbox 178 385 255 422; x_wconf 89' lang='lat' dir='ltr'>secus</span> <span class='ocrx_word' id='word_1_21' title='bbox 273 371 356 436; x_wconf 91' lang='lat' dir='ltr'>atque</span> <span class='ocrx_word' id='word_1_22' title='bbox 375 367 446 432; x_wconf 91' lang='lat' dir='ltr'>olim,</span> <span class='ocrx_word' id='word_1_23' title='bbox 465 366 570 419; x_wconf 81' lang='lat' dir='ltr'>tonitru</span> <span class='ocrx_word' id='word_1_24' title='bbox 588 383 648 418; x_wconf 93' lang='lat' dir='ltr'>eum</span> <span class='ocrx_word' id='word_1_25' title='bbox 668 372 750 433; x_wconf 89' lang='lat' dir='ltr'>rupta</span> <span class='ocrx_word' id='word_1_26' title='bbox 767 381 878 420; x_wconf 85' lang='lat' dir='ltr'>corusco</span> 
     </span>
     <span class='ocr_line' id='line_1_5' title="bbox 99 442 795 514; baseline -0.003 -16"><span class='ocrx_word' id='word_1_27' title='bbox 99 447 184 514; x_wconf 75' lang='lat' dir='ltr'>Ignea</span> <span class='ocrx_word' id='word_1_28' title='bbox 201 447 272 499; x_wconf 86' lang='lat' dir='ltr'>rima</span> <span class='ocrx_word' id='word_1_29' title='bbox 289 446 391 498; x_wconf 84' lang='lat' dir='ltr'>urieans</span> <span class='ocrx_word' id='word_1_30' title='bbox 409 444 545 512; x_wconf 75' lang='lat' dir='ltr'>percurrit</span> <span class='ocrx_word' id='word_1_31' title='bbox 564 443 664 495; x_wconf 90' lang='lat' dir='ltr'>lumine</span> <span class='ocrx_word' id='word_1_32' title='bbox 684 442 795 497; x_wconf 83' lang='lat' dir='ltr'>nimbos.</span> 
     </span>
     <span class='ocr_line' id='line_1_6' title="bbox 97 520 801 576; baseline -0.006 0"><span class='ocrx_word' id='word_1_33' title='bbox 97 523 189 576; x_wconf 81' lang='lat' dir='ltr'>Sensit</span> <span class='ocrx_word' id='word_1_34' title='bbox 207 523 280 575; x_wconf 90' lang='lat' dir='ltr'>laeta</span> <span class='ocrx_word' id='word_1_35' title='bbox 298 521 368 574; x_wconf 89' lang='lat' dir='ltr'>dolis</span> <span class='ocrx_word' id='word_1_36' title='bbox 387 525 416 573; x_wconf 91' lang='lat' dir='ltr'>et</span> <span class='ocrx_word' id='word_1_37' title='bbox 434 521 536 572; x_wconf 90' lang='lat' dir='ltr'>formae</span> <span class='ocrx_word' id='word_1_38' title='bbox 555 520 661 573; x_wconf 88' lang='lat' dir='ltr'>conscia</span> <span class='ocrx_word' id='word_1_39' title='bbox 679 521 801 573; x_wconf 83' lang='lat' dir='ltr'>coniunx.</span> 
     </span>
     <span class='ocr_line' id='line_1_7' title="bbox 97 596 769 668; baseline -0.003 -16"><span class='ocrx_word' id='word_1_40' title='bbox 97 600 165 652; x_wconf 80' lang='lat' dir='ltr'>&#39;lum</span> <span class='ocrx_word' id='word_1_41' title='bbox 184 603 263 668; x_wconf 92' lang='lat' dir='ltr'>pater</span> <span class='ocrx_word' id='word_1_42' title='bbox 282 601 393 650; x_wconf 91' lang='lat' dir='ltr'>aeterno</span> <span class='ocrx_word' id='word_1_43' title='bbox 412 596 486 649; x_wconf 86' lang='lat' dir='ltr'>fatur</span> <span class='ocrx_word' id='word_1_44' title='bbox 504 598 646 649; x_wconf 84' lang='lat' dir='ltr'>devinctus</span> <span class='ocrx_word' id='word_1_45' title='bbox 664 614 769 651; x_wconf 91' lang='lat' dir='ltr'>amore:</span> 
     </span>
     <span class='ocr_line' id='line_1_8' title="bbox 98 672 949 741; baseline -0.001 -16"><span class='ocrx_word' id='word_1_46' title='bbox 98 675 170 737; x_wconf 79' lang='lat' dir='ltr'>erid</span> <span class='ocrx_word' id='word_1_47' title='bbox 189 691 298 728; x_wconf 82' lang='lat' dir='ltr'>caussas</span> <span class='ocrx_word' id='word_1_48' title='bbox 315 673 388 741; x_wconf 88' lang='lat' dir='ltr'>petis</span> <span class='ocrx_word' id='word_1_49' title='bbox 406 690 439 725; x_wconf 85' lang='lat' dir='ltr'>ex</span> <span class='ocrx_word' id='word_1_50' title='bbox 459 673 532 727; x_wconf 83' lang='lat' dir='ltr'>altol</span> <span class='ocrx_word' id='word_1_51' title='bbox 554 672 654 726; x_wconf 89' lang='lat' dir='ltr'>fiducia</span> <span class='ocrx_word' id='word_1_52' title='bbox 671 674 754 727; x_wconf 81' lang='lat' dir='ltr'>cessit</span> <span class='ocrx_word' id='word_1_53' title='bbox 913 685 949 724; x_wconf 74' lang='lat' dir='ltr'>sat</span> 
     </span>
     <span class='ocr_line' id='line_1_9' title="bbox 98 750 797 816; baseline 0 -13"><span class='ocrx_word' id='word_1_54' title='bbox 98 751 157 815; x_wconf 80' lang='lat' dir='ltr'>Quo</span> <span class='ocrx_word' id='word_1_55' title='bbox 175 751 233 816; x_wconf 90' lang='lat' dir='ltr'>tibi,</span> <span class='ocrx_word' id='word_1_56' title='bbox 253 751 324 816; x_wconf 81' lang='lat' dir='ltr'>dira,</span> <span class='ocrx_word' id='word_1_57' title='bbox 343 750 413 803; x_wconf 87' lang='lat' dir='ltr'>meil</span> <span class='ocrx_word' id='word_1_58' title='bbox 451 750 551 802; x_wconf 82' lang='lat' dir='ltr'>Similis</span> <span class='ocrx_word' id='word_1_59' title='bbox 570 750 592 802; x_wconf 91' lang='lat' dir='ltr'>si</span> <span class='ocrx_word' id='word_1_60' title='bbox 611 767 675 802; x_wconf 91' lang='lat' dir='ltr'>eura</span> <span class='ocrx_word' id='word_1_61' title='bbox 692 750 797 816; x_wconf 84' lang='lat' dir='ltr'>fuisset,</span> 
     </span>
     <span class='ocr_line' id='line_1_10' title="bbox 98 825 838 896; baseline -0.003 -16"><span class='ocrx_word' id='word_1_62' title='bbox 98 827 167 880; x_wconf 81' lang='lat' dir='ltr'>&#39;lum</span> <span class='ocrx_word' id='word_1_63' title='bbox 184 845 292 896; x_wconf 91' lang='lat' dir='ltr'>quoque</span> <span class='ocrx_word' id='word_1_64' title='bbox 309 828 350 880; x_wconf 83' lang='lat' dir='ltr'>fas</span> <span class='ocrx_word' id='word_1_65' title='bbox 370 825 447 878; x_wconf 89' lang='lat' dir='ltr'>nobis</span> <span class='ocrx_word' id='word_1_66' title='bbox 467 826 584 878; x_wconf 82' lang='lat' dir='ltr'>Teucros</span> <span class='ocrx_word' id='word_1_67' title='bbox 603 842 709 878; x_wconf 91' lang='lat' dir='ltr'>armare</span> <span class='ocrx_word' id='word_1_68' title='bbox 728 827 838 889; x_wconf 89' lang='lat' dir='ltr'>fuisset;</span> 
     </span>
     <span class='ocr_line' id='line_1_11' title="bbox 98 900 868 970; baseline -0.005 -13"><span class='ocrx_word' id='word_1_69' title='bbox 98 904 156 957; x_wconf 85' lang='lat' dir='ltr'>Nee</span> <span class='ocrx_word' id='word_1_70' title='bbox 176 905 259 956; x_wconf 86' lang='lat' dir='ltr'>Pater</span> <span class='ocrx_word' id='word_1_71' title='bbox 278 903 449 970; x_wconf 88' lang='lat' dir='ltr'>omnipotens</span> <span class='ocrx_word' id='word_1_72' title='bbox 469 901 576 953; x_wconf 89' lang='lat' dir='ltr'>Troiam</span> <span class='ocrx_word' id='word_1_73' title='bbox 596 917 645 953; x_wconf 93' lang='lat' dir='ltr'>nee</span> <span class='ocrx_word' id='word_1_74' title='bbox 663 901 720 952; x_wconf 88' lang='lat' dir='ltr'>fata</span> <span class='ocrx_word' id='word_1_75' title='bbox 739 900 868 953; x_wconf 77' lang='lat' dir='ltr'>vetabant</span> 
     </span>
     <span class='ocr_line' id='line_1_12' title="bbox 99 977 926 1045; baseline -0.007 -13"><span class='ocrx_word' id='word_1_76' title='bbox 99 981 178 1032; x_wconf 68' lang='lat' dir='ltr'>Stare</span> <span class='ocrx_word' id='word_1_77' title='bbox 196 979 347 1045; x_wconf 88' lang='lat' dir='ltr'>decemque</span> <span class='ocrx_word' id='word_1_78' title='bbox 366 978 433 1029; x_wconf 91' lang='lat' dir='ltr'>alios</span> <span class='ocrx_word' id='word_1_79' title='bbox 453 977 589 1028; x_wconf 88' lang='lat' dir='ltr'>Priamum</span> <span class='ocrx_word' id='word_1_80' title='bbox 609 993 751 1043; x_wconf 88' lang='lat' dir='ltr'>superesse</span> <span class='ocrx_word' id='word_1_81' title='bbox 769 993 818 1043; x_wconf 90' lang='lat' dir='ltr'>per</span> <span class='ocrx_word' id='word_1_82' title='bbox 837 992 926 1027; x_wconf 83' lang='lat' dir='ltr'>annos.</span> 
     </span>
     <span class='ocr_line' id='line_1_13' title="bbox 99 1052 949 1119; baseline -0.006 -12"><span class='ocrx_word' id='word_1_83' title='bbox 99 1057 135 1108; x_wconf 87' lang='lat' dir='ltr'>Et</span> <span class='ocrx_word' id='word_1_84' title='bbox 149 1073 226 1119; x_wconf 89' lang='lat' dir='ltr'>nunc,</span> <span class='ocrx_word' id='word_1_85' title='bbox 239 1054 262 1106; x_wconf 90' lang='lat' dir='ltr'>si</span> <span class='ocrx_word' id='word_1_86' title='bbox 275 1054 376 1105; x_wconf 83' lang='lat' dir='ltr'>bellare</span> <span class='ocrx_word' id='word_1_87' title='bbox 388 1069 468 1119; x_wconf 85' lang='lat' dir='ltr'>paras</span> <span class='ocrx_word' id='word_1_88' title='bbox 481 1058 565 1118; x_wconf 87' lang='lat' dir='ltr'>atque</span> <span class='ocrx_word' id='word_1_89' title='bbox 578 1052 645 1105; x_wconf 80' lang='lat' dir='ltr'>haee</span> <span class='ocrx_word' id='word_1_90' title='bbox 658 1052 708 1104; x_wconf 91' lang='lat' dir='ltr'>tibi</span> <span class='ocrx_word' id='word_1_91' title='bbox 722 1069 797 1104; x_wconf 86' lang='lat' dir='ltr'>mens</span> <span class='ocrx_word' id='word_1_92' title='bbox 810 1057 860 1114; x_wconf 91' lang='lat' dir='ltr'>est,</span> <span class='ocrx_word' id='word_1_93' title='bbox 913 1065 949 1103; x_wconf 77' lang='lat' dir='ltr'>roe</span> 
     </span>
     <span class='ocr_line' id='line_1_14' title="bbox 99 1129 857 1198; baseline -0.004 -16"><span class='ocrx_word' id='word_1_94' title='bbox 99 1130 240 1198; x_wconf 84' lang='lat' dir='ltr'>Quidquid</span> <span class='ocrx_word' id='word_1_95' title='bbox 258 1130 285 1180; x_wconf 91' lang='lat' dir='ltr'>in</span> <span class='ocrx_word' id='word_1_96' title='bbox 304 1133 364 1180; x_wconf 90' lang='lat' dir='ltr'>arte</span> <span class='ocrx_word' id='word_1_97' title='bbox 383 1144 444 1180; x_wconf 87' lang='lat' dir='ltr'>mea</span> <span class='ocrx_word' id='word_1_98' title='bbox 461 1144 571 1195; x_wconf 89' lang='lat' dir='ltr'>possum</span> <span class='ocrx_word' id='word_1_99' title='bbox 589 1129 751 1194; x_wconf 82' lang='lat' dir='ltr'>promittere</span> <span class='ocrx_word' id='word_1_100' title='bbox 770 1144 857 1191; x_wconf 89' lang='lat' dir='ltr'>curae,</span> 
     </span>
     <span class='ocr_line' id='line_1_15' title="bbox 99 1203 740 1271; baseline -0.003 -14"><span class='ocrx_word' id='word_1_101' title='bbox 99 1205 179 1269; x_wconf 79' lang='lat' dir='ltr'>Qurod</span> <span class='ocrx_word' id='word_1_102' title='bbox 197 1205 256 1257; x_wconf 87' lang='lat' dir='ltr'>ficri</span> <span class='ocrx_word' id='word_1_103' title='bbox 275 1204 346 1255; x_wconf 73' lang='lat' dir='ltr'>ferse</span> <span class='ocrx_word' id='word_1_104' title='bbox 365 1204 502 1271; x_wconf 81' lang='lat' dir='ltr'>liquidove</span> <span class='ocrx_word' id='word_1_105' title='bbox 521 1207 613 1271; x_wconf 91' lang='lat' dir='ltr'>potest</span> <span class='ocrx_word' id='word_1_106' title='bbox 632 1203 740 1267; x_wconf 83' lang='lat' dir='ltr'>electro,</span> 
     </span>
     <span class='ocr_line' id='line_1_16' title="bbox 100 1278 907 1348; baseline 0.001 -16"><span class='ocrx_word' id='word_1_107' title='bbox 100 1282 236 1345; x_wconf 78' lang='lat' dir='ltr'>Quantum</span> <span class='ocrx_word' id='word_1_108' title='bbox 257 1281 332 1346; x_wconf 79' lang='lat' dir='ltr'>ignes</span> <span class='ocrx_word' id='word_1_109' title='bbox 352 1279 512 1347; x_wconf 80' lang='lat' dir='ltr'>animaeque</span> <span class='ocrx_word' id='word_1_110' title='bbox 531 1279 628 1345; x_wconf 82' lang='lat' dir='ltr'>ualent,</span> <span class='ocrx_word' id='word_1_111' title='bbox 648 1278 750 1332; x_wconf 90' lang='lat' dir='ltr'>absiste</span> <span class='ocrx_word' id='word_1_112' title='bbox 768 1279 907 1348; x_wconf 85' lang='lat' dir='ltr'>precando</span> 
     </span>
     <span class='ocr_line' id='line_1_17' title="bbox 101 1356 776 1409; baseline 0.003 -2"><span class='ocrx_word' id='word_1_113' title='bbox 101 1357 214 1409; x_wconf 75' lang='lat' dir='ltr'>Viribus</span> <span class='ocrx_word' id='word_1_114' title='bbox 235 1356 390 1408; x_wconf 85' lang='lat' dir='ltr'>irulubiture</span> <span class='ocrx_word' id='word_1_115' title='bbox 411 1356 472 1409; x_wconf 88' lang='lat' dir='ltr'>tuis.</span> <span class='ocrx_word' id='word_1_116' title='bbox 512 1356 551 1409; x_wconf 81' lang='lat' dir='ltr'>Ea</span> <span class='ocrx_word' id='word_1_117' title='bbox 569 1356 652 1408; x_wconf 86' lang='lat' dir='ltr'>rerba</span> <span class='ocrx_word' id='word_1_118' title='bbox 670 1356 776 1409; x_wconf 86' lang='lat' dir='ltr'>loeutus</span> 
     </span>
     <span class='ocr_line' id='line_1_18' title="bbox 100 1432 949 1501; baseline 0 -16"><span class='ocrx_word' id='word_1_119' title='bbox 100 1434 217 1501; x_wconf 87' lang='lat' dir='ltr'>Optatos</span> <span class='ocrx_word' id='word_1_120' title='bbox 236 1433 314 1486; x_wconf 84' lang='lat' dir='ltr'>dedit</span> <span class='ocrx_word' id='word_1_121' title='bbox 333 1433 481 1500; x_wconf 83' lang='lat' dir='ltr'>amplexus,</span> <span class='ocrx_word' id='word_1_122' title='bbox 501 1433 693 1500; x_wconf 86' lang='lat' dir='ltr'>placidumque</span> <span class='ocrx_word' id='word_1_123' title='bbox 712 1432 811 1501; x_wconf 84' lang='lat' dir='ltr'>petivit</span> <span class='ocrx_word' id='word_1_124' title='bbox 913 1445 949 1485; x_wconf 76' lang='lat' dir='ltr'>seo</span> 
     </span>
     <span class='ocr_line' id='line_1_19' title="bbox 100 1509 830 1577; baseline 0 -15"><span class='ocrx_word' id='word_1_125' title='bbox 100 1509 229 1577; x_wconf 80' lang='lat' dir='ltr'>Coniugis</span> <span class='ocrx_word' id='word_1_126' title='bbox 247 1510 352 1562; x_wconf 91' lang='lat' dir='ltr'>infusus</span> <span class='ocrx_word' id='word_1_127' title='bbox 370 1510 473 1576; x_wconf 80' lang='lat' dir='ltr'>gremio</span> <span class='ocrx_word' id='word_1_128' title='bbox 493 1526 542 1577; x_wconf 88' lang='lat' dir='ltr'>per</span> <span class='ocrx_word' id='word_1_129' title='bbox 560 1509 682 1561; x_wconf 87' lang='lat' dir='ltr'>merubra</span> <span class='ocrx_word' id='word_1_130' title='bbox 700 1526 830 1577; x_wconf 87' lang='lat' dir='ltr'>soporem.</span> 
     </span>
    </p>

    <p class='ocr_par' dir='ltr' id='par_1_3' title="bbox 100 1585 976 3018">
     <span class='ocr_line' id='line_1_20' title="bbox 136 1585 889 1654; baseline 0.003 -17"><span class='ocrx_word' id='word_1_131' title='bbox 136 1586 205 1638; x_wconf 87' lang='lat' dir='ltr'>lude</span> <span class='ocrx_word' id='word_1_132' title='bbox 224 1586 269 1638; x_wconf 92' lang='lat' dir='ltr'>ubi</span> <span class='ocrx_word' id='word_1_133' title='bbox 289 1586 377 1654; x_wconf 90' lang='lat' dir='ltr'>prima</span> <span class='ocrx_word' id='word_1_134' title='bbox 396 1585 474 1653; x_wconf 90' lang='lat' dir='ltr'>quies</span> <span class='ocrx_word' id='word_1_135' title='bbox 492 1586 582 1638; x_wconf 86' lang='lat' dir='ltr'>medio</span> <span class='ocrx_word' id='word_1_136' title='bbox 602 1587 654 1638; x_wconf 91' lang='lat' dir='ltr'>iam</span> <span class='ocrx_word' id='word_1_137' title='bbox 674 1587 760 1638; x_wconf 86' lang='lat' dir='ltr'>noetis</span> <span class='ocrx_word' id='word_1_138' title='bbox 777 1585 889 1639; x_wconf 81' lang='lat' dir='ltr'>abactae</span> 
     </span>
     <span class='ocr_line' id='line_1_21' title="bbox 100 1661 892 1730; baseline -0.005 -13"><span class='ocrx_word' id='word_1_139' title='bbox 100 1661 240 1717; x_wconf 82' lang='lat' dir='ltr'>Curriculo</span> <span class='ocrx_word' id='word_1_140' title='bbox 259 1662 402 1730; x_wconf 82' lang='lat' dir='ltr'>expulerat</span> <span class='ocrx_word' id='word_1_141' title='bbox 420 1678 550 1727; x_wconf 78' lang='lat' dir='ltr'>sonnium,</span> <span class='ocrx_word' id='word_1_142' title='bbox 570 1679 631 1714; x_wconf 89' lang='lat' dir='ltr'>cum</span> <span class='ocrx_word' id='word_1_143' title='bbox 650 1663 749 1715; x_wconf 84' lang='lat' dir='ltr'>femina</span> <span class='ocrx_word' id='word_1_144' title='bbox 766 1662 892 1729; x_wconf 91' lang='lat' dir='ltr'>primum,</span> 
     </span>
     <span class='ocr_line' id='line_1_22' title="bbox 100 1738 762 1805; baseline -0.002 -14"><span class='ocrx_word' id='word_1_145' title='bbox 100 1738 151 1791; x_wconf 85' lang='lat' dir='ltr'>Cui</span> <span class='ocrx_word' id='word_1_146' title='bbox 169 1738 287 1791; x_wconf 85' lang='lat' dir='ltr'>tolerare</span> <span class='ocrx_word' id='word_1_147' title='bbox 306 1738 364 1790; x_wconf 93' lang='lat' dir='ltr'>eolo</span> <span class='ocrx_word' id='word_1_148' title='bbox 383 1739 466 1790; x_wconf 88' lang='lat' dir='ltr'>vitam</span> <span class='ocrx_word' id='word_1_149' title='bbox 486 1740 618 1805; x_wconf 88' lang='lat' dir='ltr'>tenuique</span> <span class='ocrx_word' id='word_1_150' title='bbox 638 1739 762 1791; x_wconf 84' lang='lat' dir='ltr'>blinerra</span> 
     </span>
     <span class='ocr_line' id='line_1_23' title="bbox 101 1815 950 1882; baseline -0.002 -15"><span class='ocrx_word' id='word_1_151' title='bbox 101 1815 263 1882; x_wconf 84' lang='lat' dir='ltr'>Inpositam,</span> <span class='ocrx_word' id='word_1_152' title='bbox 281 1816 399 1867; x_wconf 85' lang='lat' dir='ltr'>cinerem</span> <span class='ocrx_word' id='word_1_153' title='bbox 419 1819 448 1866; x_wconf 91' lang='lat' dir='ltr'>et</span> <span class='ocrx_word' id='word_1_154' title='bbox 468 1815 570 1882; x_wconf 90' lang='lat' dir='ltr'>sopitos</span> <span class='ocrx_word' id='word_1_155' title='bbox 590 1816 703 1867; x_wconf 77' lang='lat' dir='ltr'>suscitat</span> <span class='ocrx_word' id='word_1_156' title='bbox 722 1815 799 1880; x_wconf 84' lang='lat' dir='ltr'>ignis,</span> <span class='ocrx_word' id='word_1_157' title='bbox 914 1827 950 1865; x_wconf 83' lang='lat'>41⁰</span> 
     </span>
     <span class='ocr_line' id='line_1_24' title="bbox 101 1889 903 1957; baseline -0.002 -15"><span class='ocrx_word' id='word_1_158' title='bbox 101 1890 215 1942; x_wconf 86' lang='lat' dir='ltr'>Noctem</span> <span class='ocrx_word' id='word_1_159' title='bbox 235 1890 338 1943; x_wconf 87' lang='lat' dir='ltr'>addens</span> <span class='ocrx_word' id='word_1_160' title='bbox 357 1890 440 1957; x_wconf 88' lang='lat' dir='ltr'>operi,</span> <span class='ocrx_word' id='word_1_161' title='bbox 460 1890 629 1956; x_wconf 89' lang='lat' dir='ltr'>famulasque</span> <span class='ocrx_word' id='word_1_162' title='bbox 648 1889 683 1940; x_wconf 92' lang='lat' dir='ltr'>ad</span> <span class='ocrx_word' id='word_1_163' title='bbox 702 1890 804 1941; x_wconf 87' lang='lat' dir='ltr'>lumina</span> <span class='ocrx_word' id='word_1_164' title='bbox 823 1889 903 1955; x_wconf 85' lang='lat' dir='ltr'>longo</span> 
     </span>
     <span class='ocr_line' id='line_1_25' title="bbox 101 1965 736 2032; baseline 0 -16"><span class='ocrx_word' id='word_1_165' title='bbox 101 1965 219 2018; x_wconf 82' lang='lat' dir='ltr'>Exercet</span> <span class='ocrx_word' id='word_1_166' title='bbox 237 1982 329 2032; x_wconf 87' lang='lat' dir='ltr'>penso,</span> <span class='ocrx_word' id='word_1_167' title='bbox 348 1970 452 2017; x_wconf 88' lang='lat' dir='ltr'>eastum</span> <span class='ocrx_word' id='word_1_168' title='bbox 470 1968 503 2016; x_wconf 91' lang='lat' dir='ltr'>ut</span> <span class='ocrx_word' id='word_1_169' title='bbox 521 1980 630 2016; x_wconf 85' lang='lat' dir='ltr'>servare</span> <span class='ocrx_word' id='word_1_170' title='bbox 648 1965 736 2017; x_wconf 89' lang='lat' dir='ltr'>cubile</span> 
     </span>
     <span class='ocr_line' id='line_1_26' title="bbox 101 2038 743 2107; baseline -0.003 -14"><span class='ocrx_word' id='word_1_171' title='bbox 101 2041 229 2106; x_wconf 83' lang='lat' dir='ltr'>Coniugis</span> <span class='ocrx_word' id='word_1_172' title='bbox 248 2045 275 2093; x_wconf 90' lang='lat' dir='ltr'>et</span> <span class='ocrx_word' id='word_1_173' title='bbox 294 2040 381 2107; x_wconf 90' lang='lat' dir='ltr'>possit</span> <span class='ocrx_word' id='word_1_174' title='bbox 399 2056 497 2106; x_wconf 91' lang='lat' dir='ltr'>parvos</span> <span class='ocrx_word' id='word_1_175' title='bbox 515 2038 633 2092; x_wconf 86' lang='lat' dir='ltr'>educere</span> <span class='ocrx_word' id='word_1_176' title='bbox 653 2045 743 2091; x_wconf 89' lang='lat' dir='ltr'>natos:</span> 
     </span>
     <span class='ocr_line' id='line_1_27' title="bbox 103 2114 863 2182; baseline -0.001 -14"><span class='ocrx_word' id='word_1_177' title='bbox 103 2116 185 2168; x_wconf 91' lang='lat' dir='ltr'>llaud</span> <span class='ocrx_word' id='word_1_178' title='bbox 204 2131 280 2167; x_wconf 88' lang='lat' dir='ltr'>secus</span> <span class='ocrx_word' id='word_1_179' title='bbox 301 2116 460 2182; x_wconf 82' lang='lat' dir='ltr'>Ignipotens</span> <span class='ocrx_word' id='word_1_180' title='bbox 478 2131 529 2167; x_wconf 85' lang='lat' dir='ltr'>nec</span> <span class='ocrx_word' id='word_1_181' title='bbox 547 2119 671 2180; x_wconf 89' lang='lat' dir='ltr'>tempore</span> <span class='ocrx_word' id='word_1_182' title='bbox 690 2114 799 2179; x_wconf 79' lang='lat' dir='ltr'>segnior</span> <span class='ocrx_word' id='word_1_183' title='bbox 816 2114 863 2167; x_wconf 88' lang='lat' dir='ltr'>illo</span> 
     </span>
     <span class='ocr_line' id='line_1_28' title="bbox 102 2189 951 2258; baseline 0.001 -15"><span class='ocrx_word' id='word_1_184' title='bbox 102 2192 229 2244; x_wconf 89' lang='lat' dir='ltr'>Mollibus</span> <span class='ocrx_word' id='word_1_185' title='bbox 248 2208 263 2243; x_wconf 92' lang='lat' dir='ltr'>e</span> <span class='ocrx_word' id='word_1_186' title='bbox 282 2191 376 2243; x_wconf 85' lang='lat' dir='ltr'>stratis</span> <span class='ocrx_word' id='word_1_187' title='bbox 396 2207 480 2258; x_wconf 84' lang='lat' dir='ltr'>opera</span> <span class='ocrx_word' id='word_1_188' title='bbox 498 2190 534 2241; x_wconf 88' lang='lat' dir='ltr'>ad</span> <span class='ocrx_word' id='word_1_189' title='bbox 553 2189 659 2241; x_wconf 82' lang='lat' dir='ltr'>fabrilia</span> <span class='ocrx_word' id='word_1_190' title='bbox 678 2190 772 2256; x_wconf 63' lang='lat' dir='ltr'>surgu&#39;t.</span> <span class='ocrx_word' id='word_1_191' title='bbox 915 2204 951 2244; x_wconf 73' lang='lat'>415</span> 
     </span>
     <span class='ocr_line' id='line_1_29' title="bbox 104 2265 734 2331; baseline -0.005 -12"><span class='ocrx_word' id='word_1_192' title='bbox 104 2268 195 2319; x_wconf 86' lang='lat' dir='ltr'>Insula</span> <span class='ocrx_word' id='word_1_193' title='bbox 214 2267 348 2320; x_wconf 76' lang='lat' dir='ltr'>Sicanium</span> <span class='ocrx_word' id='word_1_194' title='bbox 367 2267 444 2318; x_wconf 85' lang='lat' dir='ltr'>iuxta</span> <span class='ocrx_word' id='word_1_195' title='bbox 462 2266 534 2318; x_wconf 91' lang='lat' dir='ltr'>latus</span> <span class='ocrx_word' id='word_1_196' title='bbox 556 2265 734 2331; x_wconf 85' lang='lat' dir='ltr'>Aeoliamque</span> 
     </span>
     <span class='ocr_line' id='line_1_30' title="bbox 103 2340 758 2411; baseline -0.003 -16"><span class='ocrx_word' id='word_1_197' title='bbox 103 2344 224 2409; x_wconf 78' lang='lat' dir='ltr'>Erigitur</span> <span class='ocrx_word' id='word_1_198' title='bbox 244 2343 367 2411; x_wconf 81' lang='lat' dir='ltr'>Liparen,</span> <span class='ocrx_word' id='word_1_199' title='bbox 386 2342 555 2394; x_wconf 83' lang='lat' dir='ltr'>fumantibus</span> <span class='ocrx_word' id='word_1_200' title='bbox 573 2340 659 2392; x_wconf 86' lang='lat' dir='ltr'>ardua</span> <span class='ocrx_word' id='word_1_201' title='bbox 678 2341 758 2406; x_wconf 85' lang='lat' dir='ltr'>saxis,</span> 
     </span>
     <span class='ocr_line' id='line_1_31' title="bbox 103 2417 857 2485; baseline 0 -14"><span class='ocrx_word' id='word_1_202' title='bbox 103 2420 188 2483; x_wconf 70' lang='lat' dir='ltr'>errun</span> <span class='ocrx_word' id='word_1_203' title='bbox 208 2419 302 2472; x_wconf 86' lang='lat' dir='ltr'>subter</span> <span class='ocrx_word' id='word_1_204' title='bbox 321 2434 416 2485; x_wconf 89' lang='lat' dir='ltr'>specus</span> <span class='ocrx_word' id='word_1_205' title='bbox 435 2422 464 2469; x_wconf 91' lang='lat' dir='ltr'>et</span> <span class='ocrx_word' id='word_1_206' title='bbox 483 2417 628 2484; x_wconf 72' lang='lat' dir='ltr'>Cyclopum</span> <span class='ocrx_word' id='word_1_207' title='bbox 647 2434 729 2470; x_wconf 84' lang='lat' dir='ltr'>exesa</span> <span class='ocrx_word' id='word_1_208' title='bbox 746 2419 857 2472; x_wconf 89' lang='lat' dir='ltr'>caminis</span> 
     </span>
     <span class='ocr_line' id='line_1_32' title="bbox 104 2492 864 2560; baseline 0.001 -14"><span class='ocrx_word' id='word_1_209' title='bbox 104 2499 193 2547; x_wconf 77' lang='lat' dir='ltr'>Antra</span> <span class='ocrx_word' id='word_1_210' title='bbox 213 2499 337 2549; x_wconf 79' lang='lat' dir='ltr'>Aetnaea</span> <span class='ocrx_word' id='word_1_211' title='bbox 356 2498 459 2558; x_wconf 83' lang='lat' dir='ltr'>tonant,</span> <span class='ocrx_word' id='word_1_212' title='bbox 477 2492 616 2560; x_wconf 82' lang='lat' dir='ltr'>validique</span> <span class='ocrx_word' id='word_1_213' title='bbox 634 2492 776 2546; x_wconf 91' lang='lat' dir='ltr'>incudibus</span> <span class='ocrx_word' id='word_1_214' title='bbox 794 2494 864 2548; x_wconf 88' lang='lat' dir='ltr'>ietus</span> 
     </span>
     <span class='ocr_line' id='line_1_33' title="bbox 104 2568 952 2638; baseline 0.001 -16"><span class='ocrx_word' id='word_1_215' title='bbox 104 2571 201 2623; x_wconf 72' lang='lat' dir='ltr'>nuditi</span> <span class='ocrx_word' id='word_1_216' title='bbox 221 2572 344 2623; x_wconf 86' lang='lat' dir='ltr'>referunt</span> <span class='ocrx_word' id='word_1_217' title='bbox 362 2570 503 2635; x_wconf 86' lang='lat' dir='ltr'>gemitum,</span> <span class='ocrx_word' id='word_1_218' title='bbox 522 2568 697 2638; x_wconf 86' lang='lat' dir='ltr'>striduntque</span> <span class='ocrx_word' id='word_1_219' title='bbox 715 2571 837 2623; x_wconf 86' lang='lat' dir='ltr'>cavernis</span> <span class='ocrx_word' id='word_1_220' title='bbox 915 2584 952 2623; x_wconf 79' lang='lat' dir='ltr'>sao</span> 
     </span>
     <span class='ocr_line' id='line_1_34' title="bbox 103 2645 976 2714; baseline -0.002 -16"><span class='ocrx_word' id='word_1_221' title='bbox 103 2647 254 2698; x_wconf 81' lang='lat' dir='ltr'>Stricturae</span> <span class='ocrx_word' id='word_1_222' title='bbox 272 2645 432 2711; x_wconf 70' lang='lat' dir='ltr'>Chalybum,</span> <span class='ocrx_word' id='word_1_223' title='bbox 453 2650 481 2697; x_wconf 90' lang='lat' dir='ltr'>et</span> <span class='ocrx_word' id='word_1_224' title='bbox 499 2645 651 2698; x_wconf 86' lang='lat' dir='ltr'>fornacibus</span> <span class='ocrx_word' id='word_1_225' title='bbox 669 2645 739 2714; x_wconf 84' lang='lat' dir='ltr'>ignis</span> <span class='ocrx_word' id='word_1_226' title='bbox 756 2646 874 2713; x_wconf 81' lang='lat' dir='ltr'>arrlrelat‚</span> <span class='ocrx_word' id='word_1_227' title='bbox 970 2651 976 2696; x_wconf 73' lang='lat'>1</span> 
     </span>
     <span class='ocr_line' id='line_1_35' title="bbox 104 2721 771 2786; baseline 0.009 -16"><span class='ocrx_word' id='word_1_228' title='bbox 104 2721 217 2774; x_wconf 80' lang='lat' dir='ltr'>Volcani</span> <span class='ocrx_word' id='word_1_229' title='bbox 235 2721 339 2786; x_wconf 88' lang='lat' dir='ltr'>domus,</span> <span class='ocrx_word' id='word_1_230' title='bbox 359 2727 388 2774; x_wconf 91' lang='lat' dir='ltr'>et</span> <span class='ocrx_word' id='word_1_231' title='bbox 408 2721 539 2774; x_wconf 85' lang='lat' dir='ltr'>Volcania</span> <span class='ocrx_word' id='word_1_232' title='bbox 557 2722 664 2775; x_wconf 90' lang='lat' dir='ltr'>nomino</span> <span class='ocrx_word' id='word_1_233' title='bbox 683 2723 771 2776; x_wconf 80' lang='lat' dir='ltr'>tellus.</span> 
     </span>
     <span class='ocr_line' id='line_1_36' title="bbox 105 2797 813 2864; baseline 0.007 -16"><span class='ocrx_word' id='word_1_234' title='bbox 105 2798 165 2849; x_wconf 90' lang='lat' dir='ltr'>Hoc</span> <span class='ocrx_word' id='word_1_235' title='bbox 183 2802 247 2850; x_wconf 88' lang='lat' dir='ltr'>tune</span> <span class='ocrx_word' id='word_1_236' title='bbox 267 2797 427 2864; x_wconf 83' lang='lat' dir='ltr'>Ignipotens</span> <span class='ocrx_word' id='word_1_237' title='bbox 444 2797 518 2850; x_wconf 73' lang='lat' dir='ltr'>eraclo</span> <span class='ocrx_word' id='word_1_238' title='bbox 536 2797 680 2852; x_wconf 67' lang='lat' dir='ltr'>descendit</span> <span class='ocrx_word' id='word_1_239' title='bbox 698 2798 733 2852; x_wconf 89' lang='lat' dir='ltr'>ab</span> <span class='ocrx_word' id='word_1_240' title='bbox 751 2799 813 2853; x_wconf 82' lang='lat' dir='ltr'>alto.</span> 
     </span>
     <span class='ocr_line' id='line_1_37' title="bbox 105 2872 796 2943; baseline 0.004 -19"><span class='ocrx_word' id='word_1_241' title='bbox 105 2872 219 2925; x_wconf 75' lang='lat' dir='ltr'>Fer-run</span> <span class='ocrx_word' id='word_1_242' title='bbox 238 2872 402 2926; x_wconf 82' lang='lat' dir='ltr'>exercebant</span> <span class='ocrx_word' id='word_1_243' title='bbox 420 2878 497 2927; x_wconf 85' lang='lat' dir='ltr'>uasto</span> <span class='ocrx_word' id='word_1_244' title='bbox 516 2874 646 2943; x_wconf 71' lang='lat' dir='ltr'>Cyclopes</span> <span class='ocrx_word' id='word_1_245' title='bbox 665 2875 690 2926; x_wconf 94' lang='lat' dir='ltr'>iu</span> <span class='ocrx_word' id='word_1_246' title='bbox 710 2878 796 2940; x_wconf 87' lang='lat' dir='ltr'>antro,</span> 
     </span>
     <span class='ocr_line' id='line_1_38' title="bbox 105 2949 950 3018; baseline 0.006 -18"><span class='ocrx_word' id='word_1_247' title='bbox 105 2950 277 3017; x_wconf 88' lang='lat' dir='ltr'>Brontesque</span> <span class='ocrx_word' id='word_1_248' title='bbox 296 2949 479 3018; x_wconf 83' lang='lat' dir='ltr'>Steropesque</span> <span class='ocrx_word' id='word_1_249' title='bbox 497 2955 527 3004; x_wconf 92' lang='lat' dir='ltr'>et</span> <span class='ocrx_word' id='word_1_250' title='bbox 544 2951 634 3003; x_wconf 84' lang='lat' dir='ltr'>nudus</span> <span class='ocrx_word' id='word_1_251' title='bbox 652 2950 775 3004; x_wconf 90' lang='lat' dir='ltr'>membra</span> <span class='ocrx_word' id='word_1_252' title='bbox 796 2951 950 3018; x_wconf 79' lang='lat' dir='ltr'>Pyracmon</span> 
     </span>
    </p>
   </div>
   <div class='ocr_carea' id='block_1_3' title="bbox 99 3025 952 3246">
    <p class='ocr_par' dir='ltr' id='par_1_4' title="bbox 99 3025 952 3246">
     <span class='ocr_line' id='line_1_39' title="bbox 106 3025 952 3096; baseline 0.005 -20"><span class='ocrx_word' id='word_1_253' title='bbox 106 3025 158 3077; x_wconf 89' lang='lat' dir='ltr'>llis</span> <span class='ocrx_word' id='word_1_254' title='bbox 175 3025 350 3079; x_wconf 86' lang='lat' dir='ltr'>informatum</span> <span class='ocrx_word' id='word_1_255' title='bbox 369 3027 495 3080; x_wconf 89' lang='lat' dir='ltr'>manibus</span> <span class='ocrx_word' id='word_1_256' title='bbox 512 3029 566 3080; x_wconf 88' lang='lat' dir='ltr'>iarn</span> <span class='ocrx_word' id='word_1_257' title='bbox 585 3036 665 3096; x_wconf 90' lang='lat' dir='ltr'>parte</span> <span class='ocrx_word' id='word_1_258' title='bbox 684 3027 768 3095; x_wconf 86' lang='lat' dir='ltr'>polita</span> <span class='ocrx_word' id='word_1_259' title='bbox 916 3041 952 3080; x_wconf 71' lang='lat' dir='ltr'>sss</span> 
     </span>
     <span class='ocr_line' id='line_1_40' title="bbox 105 3101 830 3172; baseline 0.003 -19"><span class='ocrx_word' id='word_1_260' title='bbox 105 3101 219 3154; x_wconf 86' lang='lat' dir='ltr'>Fnlmcn</span> <span class='ocrx_word' id='word_1_261' title='bbox 237 3106 303 3168; x_wconf 87' lang='lat' dir='ltr'>erat,</span> <span class='ocrx_word' id='word_1_262' title='bbox 322 3106 381 3157; x_wconf 91' lang='lat' dir='ltr'>toto</span> <span class='ocrx_word' id='word_1_263' title='bbox 400 3104 514 3157; x_wconf 85' lang='lat' dir='ltr'>Genitor</span> <span class='ocrx_word' id='word_1_264' title='bbox 532 3121 602 3171; x_wconf 87' lang='lat' dir='ltr'>quae</span> <span class='ocrx_word' id='word_1_265' title='bbox 621 3103 738 3172; x_wconf 88' lang='lat' dir='ltr'>plurima</span> <span class='ocrx_word' id='word_1_266' title='bbox 755 3102 830 3156; x_wconf 88' lang='lat' dir='ltr'>caelo</span> 
     </span>
     <span class='ocr_line' id='line_1_41' title="bbox 99 3177 767 3246; baseline 0.003 -16"><span class='ocrx_word' id='word_1_267' title='bbox 99 3177 205 3236; x_wconf 54' lang='lat' dir='ltr'>,ueiicit</span> <span class='ocrx_word' id='word_1_268' title='bbox 223 3177 251 3230; x_wconf 91' lang='lat' dir='ltr'>in</span> <span class='ocrx_word' id='word_1_269' title='bbox 270 3181 365 3244; x_wconf 82' lang='lat' dir='ltr'>terras,</span> <span class='ocrx_word' id='word_1_270' title='bbox 383 3194 448 3245; x_wconf 89' lang='lat' dir='ltr'>pars</span> <span class='ocrx_word' id='word_1_271' title='bbox 465 3179 615 3246; x_wconf 80' lang='lat' dir='ltr'>inperfecta</span> <span class='ocrx_word' id='word_1_272' title='bbox 632 3177 767 3232; x_wconf 89' lang='lat' dir='ltr'>manebat.</span> 
     </span>
    </p>
   </div>
   <div class='ocr_carea' id='block_1_4' title="bbox 0 0 1030 3524">
    <p class='ocr_par' dir='ltr' id='par_1_5' title="bbox 0 0 1030 3524">
     <span class='ocr_line' id='line_1_42' title="bbox 0 0 1030 3524; baseline 0 0"><span class='ocrx_word' id='word_1_273' title='bbox 0 0 1030 3524; x_wconf 95' lang='lat' dir='ltr'> </span> 
     </span>
    </p>
   </div>
  </div>
 </body>
</html>
