2032 3524
86 110 133 158 282
327 108 356 158 P.
369 109 522 159 VERGILI
538 110 704 160 monis

88 187 232 256 Fulgentis
248 188 337 257 clipei,
356 191 416 243 tum
434 189 541 243 lterum
558 190 679 259 perforat
695 190 813 259 inguen3

87 266 224 318 llrcussus
241 282 323 329 curru
340 264 520 319 moribundus
537 266 656 320 volvitur
672 267 753 321 arvis.
900 282 945 323 ω

88 342 175 405 Quem
193 341 254 409 pius
273 344 383 395 Aeneas
401 340 484 394 dietis
500 342 611 395 adfatur
627 344 740 397 uniaris:

88 418 203 484 liumgo,
222 417 298 470 nulla
316 422 378 471 tuos
395 434 491 471 ourrus
508 419 574 486 suga
592 419 681 486 segnis
699 436 832 487 equorum

89 493 220 560 Prodidit,
238 496 287 546 out
303 510 389 547 variae
407 502 516 548 vertero
534 511 568 547 ox
586 494 710 547 hostibus
728 494 858 561 imrbrae3

89 571 150 639 lpse
169 570 238 623 rotis
255 570 355 623 eniens
372 571 437 637 iugo
454 569 568 625 deseris.
604 571 682 623 llaee
698 570 740 625 ita
756 571 831 625 fatus

89 647 212 714 Arripuit
230 646 353 714 biiugos;
375 648 462 700 fmtor
480 646 612 701 tendebat
630 647 744 701 inermis
897 664 941 705 ω

90 722 186 774 lnfelix
204 723 317 791 palntes,
335 740 417 776 curru
435 723 563 791 delapsus
581 723 691 777 eodem:

88 798 139 850 Per
157 802 193 863 to,
212 815 262 866 por
280 799 326 867 qui
345 802 374 851 to
392 799 477 852 talem
494 816 615 867 genuero
632 803 770 867 parentes,

89 874 138 926 l'ir
155 874 278 941 Troiane,
296 875 355 928 sino
372 874 443 927 lianc
459 876 584 941 animum,
596 878 627 929 ot
642 876 773 929 miserore
787 876 934 945 preeuntis·

88 950 215 1005 Pluribus
232 951 320 1006 oranti
339 952 463 1005 Aeneas:
488 951 572 1004 llaud
589 951 656 1005 talia
672 950 779 1005 dudum

89 1026 269 1080 llietadabos.
304 1028 423 1094 Morere,
436 1027 590 1081 etsratrom
602 1027 747 1081 nedesere
758 1028 853 1082 frater.
895 1044 937 1083 ooo

86 1103 161 1168 'l'um,
179 1103 299 1157 latebras
316 1104 429 1170 animoe,
447 1108 544 1172 pectus
561 1120 692 1157 mucrone
709 1103 833 1158 recludit

85 1178 161 1231 'lelio
177 1196 228 1247 por
245 1196 354 1247 campos
372 1178 474 1232 edebat
490 1179 587 1233 funera
604 1179 702 1233 ductor

88 1254 248 1321 Dardanius,
268 1256 397 1309 torrentis
415 1271 502 1323 aquae
520 1255 562 1309 vel
580 1255 699 1309 turbinis
717 1256 771 1309 atri

86 1331 162 1383 More
180 1330 280 1385 fruens
315 1331 437 1384 Tandem
455 1335 602 1399 erumpimt
620 1336 649 1385 et
666 1338 757 1386 castro
772 1332 935 1401 relinquunt

87 1408 220 1459 Ascanius
237 1424 306 1475 puer
323 1411 352 1461 et
369 1407 536 1476 nequiquam
554 1407 666 1461 obsesso
683 1408 817 1463 iuventus.
894 1424 936 1465 eos

122 1484 251 1536 lunonem
269 1484 374 1537 intereo
392 1483 536 1551 compellat
555 1484 681 1552 Iuppiter
698 1484 785 1539 ultro:

85 1558 109 1609 Ο
127 1575 256 1626 [minianu
274 1558 340 1611 mihi
358 1563 442 1626 atque
460 1558 557 1613 eedem
574 1559 731 1626 gratissima
747 1560 876 1630 eonium,

87 1636 124 1687 th
142 1635 246 1702 rebare,
265 1634 446 1688 Venus-nec
462 1639 493 1688 te
510 1636 647 1689 sententia
663 1636 765 1690 fallit-

85 1711 213 1763 'l'roionas
231 1714 368 1764 sustentat
386 1727 459 1779 opes,
477 1727 531 1765 non
548 1711 640 1765 uiuida
656 1712 731 1766 bello

88 1787 191 1840 lloxtro
208 1787 274 1839 viris
291 1787 451 1854 animusque
469 1788 546 1840 ferox
564 1788 725 1857 patiensque
743 1788 845 1857 periali.
894 1804 936 1845 ero

85 1864 135 1916 Cui
156 1864 225 1915 Iuno
242 1862 391 1915 submisse:
417 1863 496 1928 Quid,
515 1880 531 1916 o
548 1863 729 1931 pulcherrime
746 1865 870 1934 ooniunx,

84 1940 220 1993 Sollicitas
236 1955 345 2006 aeguum
365 1942 393 1991 et
412 1943 460 1992 tuo
477 1939 569 1992 tristia
586 1939 661 1993 dieta
678 1940 839 1997 timenteml

85 2017 111 2069 si
131 2015 204 2083 milri,
224 2032 294 2084 quae
307 2014 445 2083 quondam
460 2015 558 2081 fuerat,
576 2031 714 2084 quamque
731 2032 795 2070 esse
807 2016 932 2083 deoebot,

86 2092 135 2144 Vis
152 2092 179 2144 in
199 2107 291 2144 errrore
308 2091 388 2157 foret,
406 2107 460 2143 non
478 2090 530 2144 hoe
546 2090 612 2143 mihi
631 2108 749 2160 namque
766 2109 889 2161 negares,

85 2168 270 2237 Omnipotens,
289 2167 355 2236 quin
374 2170 403 2220 ot
420 2182 528 2235 pugnae
547 2166 700 2220 subducere
718 2169 847 2237 Turnum,
894 2184 933 2223 era

87 2246 121 2298 llt
139 2244 235 2297 Dauno
252 2259 360 2313 possem
378 2242 538 2295 ineolumem
558 2258 666 2296 servare
683 2243 798 2313 parenti.

84 2321 163 2374 Nune
180 2324 284 2389 pereat,
306 2318 470 2386 Teucrisque
488 2319 533 2386 pio
552 2318 601 2371 det
619 2319 750 2388 sanguine
766 2334 880 2387 poenos

85 2397 135 2450 Illo
153 2401 246 2449 tamon
264 2398 359 2448 uestra
377 2393 490 2447 deducit
507 2394 612 2461 origiue
630 2412 736 2462 nomen,

84 2473 280 2539 Pilumnusque
298 2470 337 2523 illi
356 2473 472 2538 quartus
489 2473 582 2538 pater;
607 2474 635 2524 et
653 2475 701 2524 tua
717 2471 794 2540 larga

83 2550 171 2617 Saepe
188 2565 270 2600 manu
288 2546 437 2614 multisque
456 2546 579 2599 oneravit
595 2546 689 2599 limina
706 2546 791 2601 donis
895 2560 935 2601 tn

84 2625 134 2679 Oui
152 2641 201 2677 rex
220 2622 333 2676 aetherii
353 2622 474 2676 breviter
492 2622 531 2674 sie
547 2621 621 2675 fotus
640 2621 761 2691 Olympi:

84 2701 112 2753 Si
131 2717 206 2753 mora
223 2699 378 2768 praesentis
393 2698 440 2751 leti
459 2703 621 2767 tempusque
638 2697 740 2753 oadueo

85 2782 186 2829 llmtur
204 2776 302 2843 iuveni,
319 2792 418 2843 meque
436 2775 486 2827 hoo
504 2774 663 2842 iteponere
681 2774 773 2841 sentis,

85 2853 157 2906 Tollo
176 2855 240 2920 suge
258 2852 378 2904 Turnum
397 2856 481 2919 utque
498 2851 663 2904 instantibus
680 2851 756 2920 eripe
772 2849 844 2904 fatis.

87 2929 225 2982 llaetonus
245 2927 389 2980 indulsisse
406 2929 490 2980 vacat.
529 2926 575 2978 Sin
595 2927 675 2981 altior
692 2925 754 2979 istis
895 2936 935 2977 m

85 3006 140 3059 Sub
159 3004 284 3073 precibus
302 3004 380 3056 venia
397 3003 452 3055 ullo
469 3002 546 3067 latet,
564 3006 709 3072 totumquo
725 3000 829 3055 moveri

85 3082 222 3134 bluturive
240 3082 320 3148 putes
339 3079 449 3145 bellum,
469 3094 531 3145 spes
548 3080 637 3146 pascis
653 3078 747 3133 inanis

89 3159 120 3211 'dt
141 3157 209 3209 Iuno
227 3152 419 3211 adlaernnans:
446 3151 526 3220 Quid,
545 3154 575 3222 si,
594 3172 663 3223 quae
681 3170 747 3209 roes
763 3152 902 3221 gmvarln,
