2032 3524
337 117 519 166 AENEIDOS
537 120 606 167 LIB.
627 121 674 170 IV.
886 124 928 174 147

79 197 209 254 (laudens
227 200 256 250 et
273 196 376 264 pariter
394 195 467 249 faeta
485 200 568 264 atque
587 198 687 252 infecta
705 201 833 255 canebat:
897 215 933 255 100

80 274 194 327 Venisse
214 274 334 337 Aenean,
353 272 467 324 'lreiano
485 274 618 339 sanguine
636 279 751 344 eretum,

79 351 129 405 Oui
148 366 176 402 se
194 348 306 416 pulchra
324 348 381 400 1110
401 348 529 415 dignetur
548 350 661 418 iungere
680 352 766 418 Dido;

78 429 103 482 N
106 445 158 481 une
175 425 291 477 hiemem
309 424 382 477 inter
401 441 430 477 se
449 425 521 492 luxu,
542 444 623 496 quam
642 427 730 496 longa,
747 430 839 485 fovere

79 505 234 572 Regnorum
253 501 417 554 inmemores
436 504 566 572 turpique
585 505 712 574 cupidine
730 512 830 575 captos.

82 583 155 634 llaec
172 578 272 647 passim
293 577 345 630 dea
362 579 444 632 ieeda
462 580 550 634 virum
570 582 699 635 diffundit
717 584 744 635 in
762 601 816 637 ora
899 596 934 640 106

79 657 206 709 Protinus
224 653 260 707 ad
279 671 372 723 regem
392 673 485 709 cursus
505 657 653 727 detorquet
672 659 780 728 larban,

79 733 258 801 incenditque
278 734 397 787 animum
418 733 497 786 dietis
516 739 600 803 atque
617 740 731 804 aggerat
748 737 810 790 iras,

113 811 166 863 llio
185 810 340 863 Hammone
359 813 443 877 satus,
461 815 542 880 rapta
560 811 755 867 Garamantide
775 814 908 882 Nympha,

78 885 189 954 Templa
209 887 266 938 levi
286 891 395 940 centum
415 888 478 941 latis
497 888 616 940 inmania
634 889 732 954 regnis,

78 963 194 1016 Centum
212 979 273 1015 aras
290 962 389 1027 posuit,
409 961 572 1027 vigilemque
590 969 745 1016 sacraverat
763 964 862 1030 ignem,
896 974 934 1017 1100

78 1039 211 1092 Excubiae
229 1037 319 1090 divom
339 1040 471 1102 aeternas,
491 1038 682 1104 pecudumque
701 1056 797 1092 cruore

79 1115 181 1182 Pingue
200 1115 287 1166 selum
305 1117 335 1166 et
352 1112 433 1164 variis
452 1112 579 1165 florentia
598 1114 692 1166 limina
711 1116 799 1168 sertis.

79 1193 161 1260 Isque
179 1206 273 1242 amens
292 1187 374 1240 animi
393 1191 421 1239 et
439 1204 548 1240 rumore
567 1205 695 1243 aecensus
714 1207 805 1243 amaro

80 1270 184 1322 Dicitur
202 1270 266 1318 ante
285 1282 346 1318 aras
365 1264 456 1317 media
473 1265 545 1318 inter
563 1267 673 1318 numina
692 1267 782 1320 divom

80 1345 167 1398 Multa
186 1345 278 1396 levem
297 1341 421 1394 manibus
440 1342 555 1410 supplex
573 1360 666 1396 erasse
684 1345 799 1412 supinis:
897 1363 934 1404 art

80 1421 204 1490 luppiter
222 1420 400 1487 omnipotens,
420 1419 463 1472 eui
483 1437 554 1473 nune
574 1421 714 1474 Maurusia
731 1423 810 1490 pictis

79 1499 151 1552 Gens
170 1496 279 1566 epulata
298 1497 365 1550 toris
384 1497 522 1551 Lenaeum
540 1499 608 1552 libat
626 1498 763 1564 honorem,

79 1575 185 1643 Aspicis
203 1575 288 1629 haecl
309 1591 344 1627 an
363 1579 399 1641 te,
417 1575 531 1641 genitor,
551 1591 612 1626 cum
631 1575 745 1629 fulmina
763 1579 885 1644 torques,

78 1653 249 1720 Nequiquam
268 1652 417 1717 horremus,
437 1650 566 1719 caecique
583 1651 611 1702 in
631 1650 749 1704 nubibus
766 1653 843 1719 ignes

78 1729 237 1782 Terrilicant
254 1728 357 1781 animos
376 1732 404 1780 et
421 1728 511 1780 inania
528 1744 669 1781 murmura
686 1729 816 1782 miscenti
897 1744 933 1783 210

78 1805 196 1872 Femina,
215 1821 285 1872 quae
303 1805 403 1857 nestris
422 1821 516 1856 errans
533 1804 560 1855 in
579 1804 679 1857 finibus
697 1805 793 1858 urbem

78 1881 209 1948 Exiguam
227 1881 317 1949 pretio
335 1881 433 1947 posuit,
452 1880 494 1933 eui
512 1881 577 1933 litus
595 1881 728 1933 arandum

78 1957 181 2024 Cuique
198 1957 250 2009 leci
268 1957 342 2022 leges
361 1954 494 2022 dedimus,
514 1956 648 2008 connubia
666 1963 759 2010 nostra

78 2032 210 2101 Reppulit
228 2049 258 2084 ae
278 2031 416 2083 deminum
438 2035 552 2084 Aenean
569 2033 598 2083 in
616 2049 701 2096 regna
719 2035 831 2100 recepit.

78 2109 115 2162 Et
132 2125 202 2160 nune
220 2108 265 2159 ille
285 2106 362 2158 Paris
381 2124 440 2159 cum
460 2107 585 2158 semiviro
603 2108 740 2169 comitatu,
898 2123 933 2163 215

78 2184 203 2237 Maeonia
220 2185 341 2235 mentum
361 2183 443 2235 mitra
461 2182 617 2249 crinemque
635 2181 790 2236 madentem

79 2260 228 2326 Subnexus,
248 2263 328 2326 rapto
348 2259 468 2327 potitur:
488 2275 537 2310 nes
554 2274 668 2311 munera
685 2259 794 2327 templis

79 2338 185 2406 Quippe
203 2338 258 2390 tuis
276 2336 395 2403 ferimus,
416 2336 572 2405 famamque
590 2335 712 2389 fovemus
729 2337 844 2391 inanem.

113 2414 221 2467 Talibus
240 2416 362 2467 orantem
385 2413 464 2466 dietis
483 2429 599 2482 arasque
618 2415 757 2466 tepentem
792 2458 795 2463 .

79 2490 176 2543 Audiit
194 2492 370 2558 omnipotens
392 2490 537 2559 oculosque
555 2489 591 2542 ad
610 2489 715 2542 moenia
733 2489 814 2544 torsit
896 2506 932 2546 110

79 2567 164 2633 llegia
181 2571 210 2620 et
227 2567 328 2621 oblitos
346 2568 435 2622 famae
454 2567 573 2621 melioris
590 2567 714 2620 amantis.

78 2643 145 2695 Tum
164 2644 201 2697 sic
220 2645 385 2699 Mercurium
406 2645 565 2714 adloquitur
583 2661 615 2698 ac
633 2644 698 2697 talia
716 2645 840 2698 mandat:

78 2718 157 2772 Vade
174 2738 231 2789 age,
249 2727 320 2789 nate,
339 2740 404 2777 voca
424 2723 560 2791 Zephyros
578 2726 607 2776 et
625 2719 717 2773 labere
735 2720 838 2788 pennis,

79 2795 300 2867 Dardaniumque
318 2800 423 2868 ducem,
442 2800 521 2867 Tyria
540 2798 710 2864 Karthagine
729 2797 775 2865 qui
793 2811 864 2848 nune

79 2872 234 2941 Exspectat,
252 2876 372 2945 fatisque
392 2877 470 2930 datas
488 2893 542 2929 non
561 2875 671 2942 respicit
689 2873 778 2939 urbes,
864 2888 865 2892 ¹
894 2886 930 2925 aas

79 2950 238 3018 Adloquore
256 2955 285 3004 et
303 2943 398 3005 celeris
416 2953 493 3006 defer
510 2969 571 3006 mea
589 2951 663 3004 dieta
680 2966 730 3018 per
747 2964 833 3001 auras.

79 3026 139 3079 Non
158 3029 233 3080 illurn
251 3027 330 3080 nobis
347 3029 473 3096 genetrix
491 3029 673 3098 pulcherrirna
690 3025 774 3079 talem

79 3104 206 3157 Promisit
225 3104 390 3170 Graiumque
408 3104 469 3157 ideo
487 3104 529 3159 bis
545 3105 666 3158 vindieat
684 3102 780 3168 armis;

78 3178 135 3232 Sed
151 3180 216 3248 iore,
235 3180 283 3250 qui
302 3179 442 3248 gravidam
459 3180 571 3248 inperiis
588 3181 715 3248 belloque
732 3179 894 3233 frementem
