2032 3524
334 125 517 174 AENEIDCS
534 125 602 175 LIB.
622 127 644 175 1.
881 127 910 175 91

61 200 167 271 Impius
184 205 249 256 ante
267 221 328 257 aras
346 208 430 272 atque
448 206 508 257 auri
526 222 622 258 caecus
640 222 733 259 amore

61 279 138 332 Clam
154 279 227 333 ferro
246 280 384 333 incautum
403 285 523 349 superat,
543 298 654 334 securus
671 298 795 336 amorum
876 296 913 336 aso

61 355 228 421 Germanae;
245 356 403 424 factumque
422 357 470 410 diu
487 357 594 424 celavit,
614 361 642 410 et
661 374 780 425 aegram,

61 429 150 485 Multa
167 433 254 486 malus
273 433 407 497 simulans,
427 450 496 486 vana
513 450 562 501 spe
580 433 646 487 lusit
664 438 809 488 amantem.

61 509 126 576 Ipsa
144 509 193 561 sed
211 510 239 561 in
258 510 358 563 somnis
375 510 510 563 inhumati
528 510 604 564 venit
621 511 712 577 imago

61 584 195 652 Coniugis,
215 602 263 638 ora
280 586 369 639 modis
387 586 517 640 attollens
535 585 639 653 pallida
656 586 751 652 miris;

61 660 186 714 Crudelis
205 679 266 715 aras
285 663 456 731 traiectaque
475 666 588 730 pectora
606 663 679 716 ferro
876 679 913 720 ste

61 736 191 803 Nudavit‚
210 754 375 806 caecumque
394 738 491 791 domus
510 739 597 795 scelus
616 755 695 792 omne
713 739 826 794 retexit.

61 811 129 865 Tum
147 814 266 867 celerare
284 815 376 882 fugam
394 815 541 882 patriaque
559 815 694 868 excedere
713 815 819 884 suadet,

62 889 257 958 Auxiliumque
276 891 335 944 viae
354 891 455 945 veteris
473 892 574 944 tellure
592 891 712 945 recludit

61 964 219 1032 Thesauros,
238 967 361 1035 ignotum
379 968 486 1035 argenti
502 966 610 1036 pondus
629 971 657 1021 et
675 968 741 1020 auri.

61 1040 114 1094 His
131 1047 266 1097 commota
283 1044 376 1111 fugam
395 1043 467 1097 Dido
485 1045 626 1112 sociosque
643 1044 766 1112 parabat.
876 1055 912 1095 aaa

61 1118 238 1187 Conveniunt,
257 1120 356 1187 quibus
374 1123 423 1172 aut
441 1120 533 1173 odium
552 1121 663 1173 crudele
681 1121 788 1188 tyranni

61 1195 121 1247 Aut
138 1199 229 1248 metus
247 1212 311 1255 acer
328 1199 404 1260 erat;
421 1196 504 1263 navis,
524 1213 593 1264 quae
612 1198 683 1250 sorte
702 1200 824 1263 paratae,

61 1270 226 1340 Corripiunt,
245 1275 416 1340 onerantque
434 1288 516 1338 auro;
534 1277 681 1341 portantur
698 1273 773 1326 avari

63 1347 242 1415 Pygmalionis
261 1365 326 1417 opes
344 1348 457 1416 pelag0;
475 1349 532 1402 dux
552 1350 653 1402 femina
671 1349 745 1403 facti.

61 1423 202 1477 Devenere
220 1424 300 1493 locos,
318 1426 365 1478 ubi
384 1442 455 1478 nunc
473 1426 596 1493 ingentia
615 1425 703 1479 cernis
875 1438 912 1478 aas

60 1500 169 1553 Moenia
187 1508 400 1570 surgentemque
417 1519 502 1555 novae
523 1503 701 1570 Karthaginis
720 1519 819 1572 arcem,

60 1576 231 1647 Mereatique
250 1578 344 1643 solum,
362 1579 428 1630 facti
447 1579 482 1631 de
500 1579 608 1632 nomine
627 1578 750 1646 Byrsam,

60 1651 176 1706 Taurino
193 1656 328 1722 quantum
345 1658 459 1722 possent
477 1655 647 1708 circumdare
667 1660 754 1723 tergo.

60 1727 116 1782 Sed
133 1745 180 1782 vos
199 1731 246 1799 qui
264 1730 384 1797 tandem,
403 1729 503 1798 quibus
522 1734 570 1784 aut
587 1731 700 1784 venistis
718 1731 753 1785 ab
772 1732 835 1797 oris,

60 1804 154 1868 Quove
171 1806 274 1860 tenetis
292 1808 362 1860 iteri
391 1807 540 1872 Quaerenti
558 1807 660 1861 talibus
679 1807 725 1860 ille
874 1822 910 1865 ata

59 1880 203 1949 Suspirans
221 1882 331 1951 imoque
349 1882 461 1936 trahens
479 1901 495 1936 a
512 1887 624 1951 pectore
642 1900 749 1938 vocem:

94 1957 117 2009 Ο
137 1959 196 2024 dea,
215 1958 237 2010 si
255 1959 343 2026 prima
360 1961 488 2026 repetens
506 1966 541 2011 ab
560 1960 664 2026 origine
682 1977 802 2028 pergam,

60 2033 96 2086 Et
114 2036 192 2085 vacet
211 2033 314 2085 annalis
331 2037 486 2085 nostrorum
505 2034 600 2086 audire
618 2034 749 2102 laborum,

59 2110 135 2162 Ante
153 2109 226 2162 diem
245 2109 335 2160 clauso
353 2111 488 2174 conponat
507 2108 614 2176 Vesper
633 2108 754 2176 Olympo.

59 2185 117 2238 Nos
137 2185 216 2237 Troia
233 2184 353 2252 antiqua,
373 2184 395 2236 si
414 2188 520 2238 vestras
539 2185 611 2237 forte
628 2201 678 2252 per
696 2186 771 2239 auris
875 2202 911 2244 ³75

60 2260 156 2314 Troiae
174 2277 271 2314 nomen
288 2261 327 2332 iit
346 2259 454 2312 diversa
473 2277 661 2328 persequere
680 2264 772 2314 vectos

61 2337 143 2392 Tarte
162 2354 211 2391 sua
230 2338 336 2405 Libycis
353 2340 504 2405 tempestas
522 2336 629 2405 adpulit
647 2337 708 2391 oris.

60 2414 125 2468 Sum
143 2415 203 2484 pius
223 2416 339 2480 Aeneas,
358 2417 451 2481 raptos
470 2414 518 2482 qui
535 2431 569 2467 ex
587 2413 667 2467 hoste
687 2413 799 2468 Penatis

61 2490 152 2544 Classe
170 2490 238 2544 veho
256 2508 369 2557 mecum,
387 2491 460 2542 fama
478 2506 560 2558 super
578 2490 692 2544 aethera
710 2495 797 2546 notus.

62 2567 169 2620 ltaliam
187 2584 289 2634 quaero
307 2567 425 2636 patriam
443 2570 473 2619 et
489 2582 575 2633 genus
593 2566 627 2619 ab
647 2567 712 2620 Iove
731 2584 842 2622 summo.
873 2582 910 2620 aso

61 2642 108 2696 Bis
127 2643 203 2696 denis
222 2643 369 2711 Phrygium
387 2642 530 2696 conscendi
548 2642 661 2695 navibus
679 2661 789 2711 aequor,

59 2719 150 2772 Matre
169 2720 221 2772 dea
238 2723 407 2773 monstrante
425 2720 503 2785 viam,
522 2719 588 2772 data
605 2719 663 2772 fata
681 2723 805 2785 secutus3

60 2795 115 2848 Vix
133 2798 238 2862 septem
257 2796 397 2848 convolsae
414 2795 496 2847 undis
515 2795 643 2863 Euroque
662 2798 814 2865 supersunt.

60 2871 125 2940 lpse
141 2871 257 2938 ignotus,
275 2888 364 2939 egens,
386 2871 488 2940 Libyae
507 2871 618 2924 deserta
636 2889 760 2940 peragro,

60 2946 169 3015 Europa
180 2951 264 3014 atque
280 2947 346 2999 Asia
363 2947 463 3013 pulsus.
500 2947 560 3000 Nec
577 2947 657 3015 plura
676 2950 837 3014 querentem
871 2960 908 3000 sss

60 3021 144 3076 Passa
163 3022 256 3076 Venus
273 3023 363 3076 medio
382 3022 420 3076 sic
438 3023 568 3077 interfata
586 3024 679 3076 doloro
697 3027 753 3077 cst:

94 3098 220 3167 Quisquis
239 3115 275 3164 es,
293 3098 374 3162 haud,
397 3099 487 3165 credo,
505 3099 607 3152 invisus
625 3100 789 3153 caelestibus
807 3115 888 3155 auras

62 3172 160 3288 Vitalgs
176 3175 272 3244 carpis,
292 3173 398 3242 Tyriam
416 3174 463 3242 qui
481 3172 625 3228 adveneris
643 3174 746 3229 urbem.
