2032 3524
78 132 106 171 ιδ
303 123 331 169 P.
355 123 503 169 VltrrGttl
521 123 685 171 MARONIS

78 209 210 262 Versibus
228 208 371 276 incomptis
389 207 488 261 ludunt
508 209 619 276 risuque
637 210 733 275 soluto,

77 285 187 353 Oraque
205 284 351 337 corticibus
370 291 480 337 sumunt
497 285 633 339 horrenda
651 288 759 354 cavatis,

79 363 115 414 Et
133 367 168 424 te,
189 361 301 426 Bacche,
320 364 418 414 vocant
436 378 486 429 per
505 362 624 413 earrnina
644 362 723 430 laeta,
741 363 858 432 tibique,

80 438 180 489 Oscilla
199 454 232 489 cx
251 437 306 489 alta
325 437 495 505 suspendunt
513 437 604 489 mollia
622 439 693 505 pinu.

82 515 150 566 lliue
172 515 258 566 omnis
277 514 352 581 largo
371 514 494 582 pubescit
512 514 590 565 vinca
609 514 674 579 fetu,
894 529 931 569 m

79 590 246 656 t'euplentur
266 590 404 658 vallesque
424 606 505 642 cavae
524 589 663 656 saltusque
682 591 817 657 profundi,

80 666 115 718 Et
135 682 305 733 quocumque
324 664 392 718 deus
411 667 511 719 circum
531 669 612 733 (aput
630 671 687 732 egit
705 666 853 720 honestum.

80 742 152 808 Ergo
170 743 222 794 rite
241 759 318 793 suum
339 741 444 794 Baccho
462 741 584 794 dicemus
601 741 729 793 honorem

80 818 250 869 Carminibus
269 818 365 885 patriis
383 817 529 884 lancesque
547 823 576 870 et
593 817 648 869 liba
666 817 790 884 feremus,

81 893 117 945 ut
136 893 234 945 duetus
251 909 334 945 cornu
353 893 437 945 stabit
456 909 531 945 sacer
549 892 638 945 hircus
655 893 691 945 ud
709 910 792 959 aram,
894 907 931 948 sve

80 968 249 1036 Pinguiaque
268 969 295 1020 in
314 969 422 1020 veribus
441 967 605 1021 torrebimus
624 973 688 1022 exta
705 969 827 1021 columis.

116 1045 164 1096 Est
183 1045 263 1097 etium
282 1045 328 1097 ille
346 1044 422 1096 labor
440 1045 566 1096 curandis
584 1044 686 1098 vitibus
703 1045 781 1110 alter,

80 1120 130 1172 Cui
148 1137 294 1187 numquam
313 1120 437 1173 exhausti
458 1119 524 1172 satis
543 1124 602 1174 est:
621 1136 738 1188 namque
761 1137 840 1173 omne
863 1129 932 1190 quot

148 1197 224 1248 annis
810 1201 813 1206 ’

80 1273 185 1340 Terque
199 1277 351 1340 quaterque
365 1273 449 1322 solum
463 1272 650 1338 scimlcmlum,
663 1272 815 1340 glaebaque
828 1273 914 1326 versis

81 1350 233 1400 Aeternum
251 1347 401 1414 frangenda
420 1346 593 1410 bidentibus;
611 1364 690 1400 omne
707 1349 852 1402 levandum
888 1364 926 1401 roo

81 1424 189 1477 Fronde
208 1440 310 1476 nemus.
350 1422 434 1474 ltedit
452 1423 577 1488 agricolis
596 1423 672 1475 labor
689 1430 766 1477 actus
783 1425 811 1477 in
829 1424 932 1488 orbem,

81 1504 175 1568 Atque
194 1500 221 1552 in
241 1517 269 1552 sc
288 1515 336 1552 sua
353 1515 403 1566 per
420 1498 537 1564 vestigia
554 1499 671 1552 volvitur
689 1517 783 1554 annus.

82 1579 124 1629 Ac
143 1577 195 1628 iam
214 1577 277 1629 olim
297 1592 371 1629 seras
390 1575 481 1642 posuit
499 1586 559 1627 emn
579 1575 657 1628 vinea
675 1576 785 1628 frondes

82 1652 208 1719 Frigidus
226 1656 255 1705 ct
273 1651 346 1704 silvis
365 1651 455 1718 aquilo
475 1651 594 1704 decussit
612 1652 748 1717 honorem,

82 1729 141 1780 Iam
154 1733 212 1781 tum
224 1744 288 1780 aecr
299 1744 378 1780 curas
391 1727 543 1780 venientem
557 1728 683 1781 extendit
695 1728 722 1780 iu
734 1745 834 1781 annum
889 1742 928 1784 tet

84 1805 219 1870 Rusticus,
238 1808 267 1857 ct
285 1821 366 1856 curvo
386 1803 496 1856 Saturni
515 1804 599 1856 deute
618 1805 739 1858 relictam

83 1880 259 1947 Persequitur
277 1880 361 1932 vitem
380 1879 525 1932 attondens
544 1881 677 1950 fingitque
694 1881 823 1949 putando.

83 1957 188 2009 Primus
206 1957 318 2009 humum
337 1956 431 2024 fodito,
449 1957 553 2024 primus
572 1958 685 2011 devecta
702 1963 820 2011 cremato

82 2034 232 2098 Sarmenta,
250 2036 279 2086 et
297 2033 380 2085 vallos
399 2034 501 2101 primus
520 2034 571 2086 sub
590 2039 663 2087 tecta
681 2033 797 2096 reicrt03

84 2110 239 2161 Postremus
257 2110 360 2162 metito.
398 2110 445 2162 Bis
463 2110 564 2163 vitibus
584 2112 684 2177 ingruit
703 2110 813 2174 mnbra3
897 2125 936 2165 410

84 2186 129 2236 bis
149 2188 268 2251 segetem
287 2184 378 2238 densis
396 2186 536 2238 obducunt
554 2186 677 2238 sentibus
694 2185 809 2248 herbae3

84 2261 173 2313 llurus
191 2264 308 2328 uterquc
327 2261 415 2313 labor:
434 2260 544 2313 laudato
563 2261 684 2326 ingentia
701 2275 772 2326 rura,

86 2337 219 2403 lixiguum
238 2337 325 2390 colito.
362 2337 491 2389 Necnon
511 2337 594 2387 etiam
613 2351 709 2401 aspera
727 2335 797 2387 rusci

84 2413 192 2465 Vimina
210 2430 259 2479 per
278 2413 379 2478 silvam,
399 2414 428 2464 et
447 2411 512 2477 ripis
532 2410 643 2461 ssuvialis
661 2410 765 2462 arundo

82 2490 221 2555 Crrcdituq
240 2489 389 2556 incultique
408 2491 518 2540 exercet
536 2503 600 2538 eura
618 2485 712 2538 salicti.
798 2556 799 2559 Ἴ
899 2505 939 2548 lis

85 2565 143 2617 lam
162 2565 267 2618 vinctae
287 2566 362 2630 vites,
382 2564 435 2616 iam
453 2562 549 2615 falcem
568 2561 681 2613 arbusta
699 2567 841 2630 reponunt,

88 2642 143 2693 lam
162 2642 233 2694 canit
251 2642 361 2694 effectos
380 2644 518 2692 extremus
537 2639 638 2690 vinitor
656 2642 747 2690 antes:

83 2717 258 2770 Sollicitanda
278 2721 368 2770 tamen
387 2715 476 2777 tellus,
495 2714 637 2782 pulvisque
657 2714 813 2780 movendus,

85 2793 191 2845 litiani
209 2793 324 2845 maturis
343 2790 506 2843 metuendus
526 2790 652 2858 Iuppiter
671 2790 737 2842 uvis.

120 2870 221 2922 Contra
238 2885 292 2921 non
310 2867 365 2919 ulla
383 2870 425 2918 est
443 2866 508 2918 oleis
527 2867 649 2933 cultura;
667 2884 755 2935 neque
773 2867 834 2919 illae
900 2886 939 2927 420

87 2946 248 2997 Procurvam
267 2945 427 3010 exspectant
445 2942 541 2995 falcem
558 2947 715 3011 rastrosque
734 2944 841 3010 tenacis,

84 3023 152 3073 Cum
172 3021 254 3073 semel
273 3020 420 3073 haeserunt
439 3019 510 3070 arvis
530 3035 663 3086 aurasque
681 3021 819 3083 tulerunt3

86 3098 150 3164 Ipsa
168 3097 234 3149 satis
252 3096 342 3163 tellus,
361 3111 421 3147 eum
441 3095 523 3147 dente
541 3095 691 3149 recluditur
709 3112 785 3161 unco,

85 3172 189 3227 Sufficit
207 3171 347 3226 humorem
365 3174 393 3224 et
410 3170 537 3236 gravidas
555 3188 616 3224 cum
634 3187 743 3224 vomere
760 3171 867 3237 fruges3
