<?xml version="1.0" encoding="UTF-8"?>
<!DOCTYPE html PUBLIC "-//W3C//DTD XHTML 1.0 Transitional//EN"
    "http://www.w3.org/TR/xhtml1/DTD/xhtml1-transitional.dtd">
<html xmlns="http://www.w3.org/1999/xhtml" xml:lang="en" lang="en">
 <head>
  <title>
</title>
<meta http-equiv="Content-Type" content="text/html;charset=utf-8" />
  <meta name='ocr-system' content='tesseract 3.04.00' />
  <meta name='ocr-capabilities' content='ocr_page ocr_carea ocr_par ocr_line ocrx_word'/>
</head>
<body>
  <div class='ocr_page' id='page_1' title='image "./publivergilimar01virggoog/publivergilimar01virggoog_0147.png"; bbox 0 0 2032 3524; ppageno 0'>
   <div class='ocr_carea' id='block_1_1' title="bbox 93 124 717 179">
    <p class='ocr_par' dir='ltr' id='par_1_1' title="bbox 93 124 717 179">
     <span class='ocr_line' id='line_1_1' title="bbox 93 124 717 179; baseline -0.016 0"><span class='ocrx_word' id='word_1_1' title='bbox 93 133 139 179; x_wconf 77' lang='lat'>134</span> <span class='ocrx_word' id='word_1_2' title='bbox 326 126 355 175; x_wconf 89' lang='lat' dir='ltr'>P.</span> <span class='ocrx_word' id='word_1_3' title='bbox 376 124 528 173; x_wconf 83' lang='lat' dir='ltr'>VERGlLl</span> <span class='ocrx_word' id='word_1_4' title='bbox 552 124 717 171; x_wconf 81' lang='lat' dir='ltr'>MARONIS</span> 
     </span>
    </p>
   </div>
   <div class='ocr_carea' id='block_1_2' title="bbox 93 204 952 3235">
    <p class='ocr_par' dir='ltr' id='par_1_2' title="bbox 93 204 782 277">
     <span class='ocr_line' id='line_1_2' title="bbox 93 204 782 277; baseline -0.009 -16"><span class='ocrx_word' id='word_1_5' title='bbox 93 211 257 277; x_wconf 82' lang='lat' dir='ltr'>ltelplrinum</span> <span class='ocrx_word' id='word_1_6' title='bbox 275 207 375 261; x_wconf 87' lang='lat' dir='ltr'>caudas</span> <span class='ocrx_word' id='word_1_7' title='bbox 393 209 472 259; x_wconf 84' lang='lat' dir='ltr'>utero</span> <span class='ocrx_word' id='word_1_8' title='bbox 490 205 633 258; x_wconf 88' lang='lat' dir='ltr'>commissa</span> <span class='ocrx_word' id='word_1_9' title='bbox 650 204 782 272; x_wconf 85' lang='lat' dir='ltr'>luporum</span> 
     </span>
    </p>

    <p class='ocr_par' dir='ltr' id='par_1_3' title="bbox 94 280 749 347">
     <span class='ocr_line' id='line_1_3' title="bbox 94 280 749 347; baseline -0.009 -9"><span class='ocrx_word' id='word_1_10' title='bbox 94 286 221 338; x_wconf 75' lang='lat' dir='ltr'>Praestat</span> <span class='ocrx_word' id='word_1_11' title='bbox 239 284 368 336; x_wconf 88' lang='lat' dir='ltr'>l&#39;rinaerii</span> <span class='ocrx_word' id='word_1_12' title='bbox 387 285 475 335; x_wconf 86' lang='lat' dir='ltr'>metas</span> <span class='ocrx_word' id='word_1_13' title='bbox 493 281 611 333; x_wconf 90' lang='lat' dir='ltr'>lustrare</span> <span class='ocrx_word' id='word_1_14' title='bbox 632 280 749 347; x_wconf 83' lang='lat' dir='ltr'>Pachyni</span> 
     </span>
    </p>

    <p class='ocr_par' dir='ltr' id='par_1_4' title="bbox 93 356 952 427">
     <span class='ocr_line' id='line_1_4' title="bbox 93 356 952 427; baseline -0.006 -14"><span class='ocrx_word' id='word_1_15' title='bbox 93 362 260 427; x_wconf 78' lang='lat' dir='ltr'>Cessantem,</span> <span class='ocrx_word' id='word_1_16' title='bbox 278 359 372 427; x_wconf 79' lang='lat' dir='ltr'>longos</span> <span class='ocrx_word' id='word_1_17' title='bbox 391 362 420 412; x_wconf 91' lang='lat' dir='ltr'>et</span> <span class='ocrx_word' id='word_1_18' title='bbox 437 356 650 410; x_wconf 82' lang='lat' dir='ltr'>circumflectere</span> <span class='ocrx_word' id='word_1_19' title='bbox 668 373 770 422; x_wconf 80' lang='lat' dir='ltr'>crrrsus,</span> <span class='ocrx_word' id='word_1_20' title='bbox 913 373 952 415; x_wconf 64' lang='lat' dir='ltr'>a·</span> 
     </span>
    </p>

    <p class='ocr_par' dir='ltr' id='par_1_5' title="bbox 93 432 828 500">
     <span class='ocr_line' id='line_1_5' title="bbox 93 432 828 500; baseline 0 -11"><span class='ocrx_word' id='word_1_21' title='bbox 93 438 180 500; x_wconf 81' lang='lat' dir='ltr'>Qumn</span> <span class='ocrx_word' id='word_1_22' title='bbox 199 436 283 489; x_wconf 90' lang='lat' dir='ltr'>semel</span> <span class='ocrx_word' id='word_1_23' title='bbox 301 436 445 488; x_wconf 81' lang='lat' dir='ltr'>informem</span> <span class='ocrx_word' id='word_1_24' title='bbox 464 438 541 486; x_wconf 78' lang='lat' dir='ltr'>vasto</span> <span class='ocrx_word' id='word_1_25' title='bbox 559 432 660 486; x_wconf 76' lang='lat' dir='ltr'>vidisse</span> <span class='ocrx_word' id='word_1_26' title='bbox 679 433 730 486; x_wconf 86' lang='lat' dir='ltr'>sub</span> <span class='ocrx_word' id='word_1_27' title='bbox 747 437 828 489; x_wconf 89' lang='lat' dir='ltr'>antro</span> 
     </span>
    </p>

    <p class='ocr_par' dir='ltr' id='par_1_6' title="bbox 93 510 795 580">
     <span class='ocr_line' id='line_1_6' title="bbox 93 510 795 580; baseline -0.001 -16"><span class='ocrx_word' id='word_1_28' title='bbox 93 513 207 580; x_wconf 68' lang='lat' dir='ltr'>Scyllam</span> <span class='ocrx_word' id='word_1_29' title='bbox 226 516 254 566; x_wconf 89' lang='lat' dir='ltr'>et</span> <span class='ocrx_word' id='word_1_30' title='bbox 271 511 402 565; x_wconf 81' lang='lat' dir='ltr'>caeruleis</span> <span class='ocrx_word' id='word_1_31' title='bbox 420 510 533 564; x_wconf 87' lang='lat' dir='ltr'>canibus</span> <span class='ocrx_word' id='word_1_32' title='bbox 550 510 706 562; x_wconf 82' lang='lat' dir='ltr'>resonantia</span> <span class='ocrx_word' id='word_1_33' title='bbox 724 526 795 564; x_wconf 82' lang='lat' dir='ltr'>saxa</span> 
     </span>
    </p>

    <p class='ocr_par' dir='ltr' id='par_1_7' title="bbox 94 585 794 655">
     <span class='ocr_line' id='line_1_7' title="bbox 94 585 794 655; baseline -0.001 -14"><span class='ocrx_word' id='word_1_34' title='bbox 94 589 248 655; x_wconf 87' lang='lat' dir='ltr'>Praeterea,</span> <span class='ocrx_word' id='word_1_35' title='bbox 266 589 288 640; x_wconf 86' lang='lat' dir='ltr'>si</span> <span class='ocrx_word' id='word_1_36' title='bbox 307 604 362 655; x_wconf 91' lang='lat' dir='ltr'>qua</span> <span class='ocrx_word' id='word_1_37' title='bbox 380 590 423 640; x_wconf 86' lang='lat' dir='ltr'>est</span> <span class='ocrx_word' id='word_1_38' title='bbox 443 585 549 638; x_wconf 89' lang='lat' dir='ltr'>llclcno</span> <span class='ocrx_word' id='word_1_39' title='bbox 566 585 720 653; x_wconf 76' lang='lat' dir='ltr'>prudentia,</span> <span class='ocrx_word' id='word_1_40' title='bbox 738 586 794 640; x_wconf 88' lang='lat' dir='ltr'>vati</span> 
     </span>
    </p>

    <p class='ocr_par' dir='ltr' id='par_1_8' title="bbox 93 661 791 733">
     <span class='ocr_line' id='line_1_8' title="bbox 93 661 791 733; baseline -0.006 -15"><span class='ocrx_word' id='word_1_41' title='bbox 93 665 121 718; x_wconf 81' lang='lat' dir='ltr'>Si</span> <span class='ocrx_word' id='word_1_42' title='bbox 141 682 195 733; x_wconf 85' lang='lat' dir='ltr'>qna</span> <span class='ocrx_word' id='word_1_43' title='bbox 213 665 289 727; x_wconf 86' lang='lat' dir='ltr'>fides,</span> <span class='ocrx_word' id='word_1_44' title='bbox 309 665 427 716; x_wconf 89' lang='lat' dir='ltr'>animum</span> <span class='ocrx_word' id='word_1_45' title='bbox 447 663 469 714; x_wconf 88' lang='lat' dir='ltr'>si</span> <span class='ocrx_word' id='word_1_46' title='bbox 488 662 560 714; x_wconf 81' lang='lat' dir='ltr'>reris</span> <span class='ocrx_word' id='word_1_47' title='bbox 578 661 665 728; x_wconf 82' lang='lat' dir='ltr'>inplet</span> <span class='ocrx_word' id='word_1_48' title='bbox 685 661 791 729; x_wconf 80' lang='lat' dir='ltr'><strong>Apollo,</strong></span> 
     </span>
    </p>

    <p class='ocr_par' dir='ltr' id='par_1_9' title="bbox 93 737 952 806">
     <span class='ocr_line' id='line_1_9' title="bbox 93 737 952 806; baseline -0.002 -12"><span class='ocrx_word' id='word_1_49' title='bbox 93 742 184 794; x_wconf 79' lang='lat' dir='ltr'>Unum</span> <span class='ocrx_word' id='word_1_50' title='bbox 202 739 270 792; x_wconf 91' lang='lat' dir='ltr'>illnd</span> <span class='ocrx_word' id='word_1_51' title='bbox 289 740 348 805; x_wconf 85' lang='lat' dir='ltr'>tibi,</span> <span class='ocrx_word' id='word_1_52' title='bbox 366 743 430 792; x_wconf 87' lang='lat' dir='ltr'>uate</span> <span class='ocrx_word' id='word_1_53' title='bbox 449 739 508 805; x_wconf 85' lang='lat' dir='ltr'>dea,</span> <span class='ocrx_word' id='word_1_54' title='bbox 528 754 632 806; x_wconf 77' lang='lat' dir='ltr'>proque</span> <span class='ocrx_word' id='word_1_55' title='bbox 650 737 775 790; x_wconf 87' lang='lat' dir='ltr'>omnibus</span> <span class='ocrx_word' id='word_1_56' title='bbox 792 755 876 792; x_wconf 89' lang='lat' dir='ltr'>unum</span> <span class='ocrx_word' id='word_1_57' title='bbox 913 754 952 796; x_wconf 64' lang='lat' dir='ltr'>m</span> 
     </span>
    </p>

    <p class='ocr_par' dir='ltr' id='par_1_10' title="bbox 95 814 917 884">
     <span class='ocr_line' id='line_1_10' title="bbox 95 814 917 884; baseline 0.002 -16"><span class='ocrx_word' id='word_1_58' title='bbox 95 816 258 882; x_wconf 82' lang='lat' dir='ltr'>l&#39;racdi0mn‚</span> <span class='ocrx_word' id='word_1_59' title='bbox 271 820 299 868; x_wconf 92' lang='lat' dir='ltr'>et</span> <span class='ocrx_word' id='word_1_60' title='bbox 312 820 438 884; x_wconf 88' lang='lat' dir='ltr'>repetens</span> <span class='ocrx_word' id='word_1_61' title='bbox 452 816 606 881; x_wconf 83' lang='lat' dir='ltr'>iterumque</span> <span class='ocrx_word' id='word_1_62' title='bbox 619 814 775 881; x_wconf 87' lang='lat' dir='ltr'>iterumque</span> <span class='ocrx_word' id='word_1_63' title='bbox 786 814 917 870; x_wconf 87' lang='lat' dir='ltr'>monebo:</span> 
     </span>
    </p>

    <p class='ocr_par' dir='ltr' id='par_1_11' title="bbox 94 889 804 960">
     <span class='ocr_line' id='line_1_11' title="bbox 94 889 804 960; baseline -0.003 -17"><span class='ocrx_word' id='word_1_64' title='bbox 94 892 203 945; x_wconf 89' lang='lat' dir='ltr'>lunonis</span> <span class='ocrx_word' id='word_1_65' title='bbox 222 908 336 960; x_wconf 85' lang='lat' dir='ltr'>magnae</span> <span class='ocrx_word' id='word_1_66' title='bbox 354 891 470 957; x_wconf 91' lang='lat' dir='ltr'>primum</span> <span class='ocrx_word' id='word_1_67' title='bbox 489 905 571 957; x_wconf 90' lang='lat' dir='ltr'>prece</span> <span class='ocrx_word' id='word_1_68' title='bbox 588 904 687 941; x_wconf 90' lang='lat' dir='ltr'>numen</span> <span class='ocrx_word' id='word_1_69' title='bbox 705 889 804 954; x_wconf 80' lang='lat' dir='ltr'>adora3</span> 
     </span>
    </p>

    <p class='ocr_par' dir='ltr' id='par_1_12' title="bbox 95 964 827 1033">
     <span class='ocr_line' id='line_1_12' title="bbox 95 964 827 1033; baseline -0.001 -13"><span class='ocrx_word' id='word_1_70' title='bbox 95 968 190 1020; x_wconf 88' lang='lat' dir='ltr'>lunoni</span> <span class='ocrx_word' id='word_1_71' title='bbox 208 984 274 1020; x_wconf 89' lang='lat' dir='ltr'>cane</span> <span class='ocrx_word' id='word_1_72' title='bbox 291 971 355 1021; x_wconf 83' lang='lat' dir='ltr'>rota</span> <span class='ocrx_word' id='word_1_73' title='bbox 373 965 459 1018; x_wconf 86' lang='lat' dir='ltr'>libens</span> <span class='ocrx_word' id='word_1_74' title='bbox 478 964 670 1032; x_wconf 80' lang='lat' dir='ltr'>dominamque</span> <span class='ocrx_word' id='word_1_75' title='bbox 687 968 827 1033; x_wconf 85' lang='lat' dir='ltr'>potentem</span> 
     </span>
    </p>

    <p class='ocr_par' dir='ltr' id='par_1_13' title="bbox 93 1039 789 1112">
     <span class='ocr_line' id='line_1_13' title="bbox 93 1039 789 1112; baseline -0.004 -16"><span class='ocrx_word' id='word_1_76' title='bbox 93 1044 264 1112; x_wconf 83' lang='lat' dir='ltr'>Supplieibus</span> <span class='ocrx_word' id='word_1_77' title='bbox 283 1060 381 1112; x_wconf 87' lang='lat' dir='ltr'>supera</span> <span class='ocrx_word' id='word_1_78' title='bbox 399 1042 491 1094; x_wconf 88' lang='lat' dir='ltr'>donis:</span> <span class='ocrx_word' id='word_1_79' title='bbox 511 1042 550 1094; x_wconf 91' lang='lat' dir='ltr'>sie</span> <span class='ocrx_word' id='word_1_80' title='bbox 567 1040 686 1108; x_wconf 90' lang='lat' dir='ltr'>deniquo</span> <span class='ocrx_word' id='word_1_81' title='bbox 703 1039 789 1093; x_wconf 87' lang='lat' dir='ltr'>vietor</span> 
     </span>
    </p>

    <p class='ocr_par' dir='ltr' id='par_1_14' title="bbox 93 1116 951 1174">
     <span class='ocr_line' id='line_1_14' title="bbox 93 1116 951 1174; baseline -0.003 -2"><span class='ocrx_word' id='word_1_82' title='bbox 93 1120 229 1173; x_wconf 87' lang='lat' dir='ltr'>Trinacria</span> <span class='ocrx_word' id='word_1_83' title='bbox 247 1121 308 1172; x_wconf 85' lang='lat' dir='ltr'>linis</span> <span class='ocrx_word' id='word_1_84' title='bbox 328 1119 413 1173; x_wconf 82' lang='lat' dir='ltr'>Italos</span> <span class='ocrx_word' id='word_1_85' title='bbox 431 1118 542 1171; x_wconf 87' lang='lat' dir='ltr'>mittere</span> <span class='ocrx_word' id='word_1_86' title='bbox 561 1116 662 1170; x_wconf 90' lang='lat' dir='ltr'>relicta.</span> <span class='ocrx_word' id='word_1_87' title='bbox 911 1132 951 1174; x_wconf 73' lang='grc' dir='ltr'>4η</span> 
     </span>
    </p>

    <p class='ocr_par' dir='ltr' id='par_1_15' title="bbox 94 1193 790 1263">
     <span class='ocr_line' id='line_1_15' title="bbox 94 1193 790 1263; baseline 0 -16"><span class='ocrx_word' id='word_1_88' title='bbox 94 1197 155 1248; x_wconf 90' lang='lat' dir='ltr'>llue</span> <span class='ocrx_word' id='word_1_89' title='bbox 175 1196 220 1249; x_wconf 91' lang='lat' dir='ltr'>ubi</span> <span class='ocrx_word' id='word_1_90' title='bbox 240 1196 347 1249; x_wconf 88' lang='lat' dir='ltr'>delatus</span> <span class='ocrx_word' id='word_1_91' title='bbox 366 1196 512 1263; x_wconf 78' lang='lat' dir='ltr'>Cpuaeam</span> <span class='ocrx_word' id='word_1_92' title='bbox 531 1193 676 1247; x_wconf 88' lang='lat' dir='ltr'>accesseris</span> <span class='ocrx_word' id='word_1_93' title='bbox 693 1194 790 1247; x_wconf 89' lang='lat' dir='ltr'>urbem</span> 
     </span>
    </p>

    <p class='ocr_par' dir='ltr' id='par_1_16' title="bbox 94 1270 772 1341">
     <span class='ocr_line' id='line_1_16' title="bbox 94 1270 772 1341; baseline 0.001 -18"><span class='ocrx_word' id='word_1_94' title='bbox 94 1271 259 1341; x_wconf 80' lang='lat' dir='ltr'>Ilivinosqne</span> <span class='ocrx_word' id='word_1_95' title='bbox 277 1273 351 1325; x_wconf 85' lang='lat' dir='ltr'>lacus</span> <span class='ocrx_word' id='word_1_96' title='bbox 371 1277 399 1324; x_wconf 92' lang='lat' dir='ltr'>et</span> <span class='ocrx_word' id='word_1_97' title='bbox 418 1273 529 1324; x_wconf 83' lang='lat' dir='ltr'>Averna</span> <span class='ocrx_word' id='word_1_98' title='bbox 547 1270 672 1322; x_wconf 81' lang='lat' dir='ltr'>sonantia</span> <span class='ocrx_word' id='word_1_99' title='bbox 690 1270 772 1338; x_wconf 84' lang='lat' dir='ltr'>silvis,</span> 
     </span>
    </p>

    <p class='ocr_par' dir='ltr' id='par_1_17' title="bbox 94 1346 789 1415">
     <span class='ocr_line' id='line_1_17' title="bbox 94 1346 789 1415; baseline 0 -16"><span class='ocrx_word' id='word_1_100' title='bbox 94 1349 220 1400; x_wconf 78' lang='lat' dir='ltr'>Insanum</span> <span class='ocrx_word' id='word_1_101' title='bbox 239 1352 329 1400; x_wconf 89' lang='lat' dir='ltr'>vatem</span> <span class='ocrx_word' id='word_1_102' title='bbox 349 1347 471 1414; x_wconf 85' lang='lat' dir='ltr'>aspicies,</span> <span class='ocrx_word' id='word_1_103' title='bbox 491 1363 561 1415; x_wconf 87' lang='lat' dir='ltr'>quae</span> <span class='ocrx_word' id='word_1_104' title='bbox 579 1362 648 1415; x_wconf 89' lang='lat' dir='ltr'>rupe</span> <span class='ocrx_word' id='word_1_105' title='bbox 666 1346 718 1399; x_wconf 90' lang='lat' dir='ltr'>sub</span> <span class='ocrx_word' id='word_1_106' title='bbox 734 1347 789 1399; x_wconf 87' lang='lat' dir='ltr'>ima</span> 
     </span>
    </p>

    <p class='ocr_par' dir='ltr' id='par_1_18' title="bbox 94 1422 806 1490">
     <span class='ocr_line' id='line_1_18' title="bbox 94 1422 806 1490; baseline -0.003 -15"><span class='ocrx_word' id='word_1_107' title='bbox 94 1424 115 1475; x_wconf 93' lang='lat' dir='ltr'>F</span> <span class='ocrx_word' id='word_1_108' title='bbox 117 1429 163 1476; x_wconf 84' lang='lat' dir='ltr'>ata</span> <span class='ocrx_word' id='word_1_109' title='bbox 181 1425 254 1477; x_wconf 90' lang='lat' dir='ltr'>canit</span> <span class='ocrx_word' id='word_1_110' title='bbox 272 1423 397 1490; x_wconf 85' lang='lat' dir='ltr'>foliisque</span> <span class='ocrx_word' id='word_1_111' title='bbox 415 1427 494 1474; x_wconf 89' lang='lat' dir='ltr'>notas</span> <span class='ocrx_word' id='word_1_112' title='bbox 513 1426 542 1475; x_wconf 91' lang='lat' dir='ltr'>ct</span> <span class='ocrx_word' id='word_1_113' title='bbox 559 1423 669 1475; x_wconf 87' lang='lat' dir='ltr'>nomina</span> <span class='ocrx_word' id='word_1_114' title='bbox 686 1422 806 1476; x_wconf 86' lang='lat' dir='ltr'>mandat.</span> 
     </span>
    </p>

    <p class='ocr_par' dir='ltr' id='par_1_19' title="bbox 93 1498 951 1568">
     <span class='ocr_line' id='line_1_19' title="bbox 93 1498 951 1568; baseline 0 -16"><span class='ocrx_word' id='word_1_115' title='bbox 93 1500 284 1568; x_wconf 81' lang='lat' dir='ltr'>Qrmeemnque</span> <span class='ocrx_word' id='word_1_116' title='bbox 303 1499 330 1551; x_wconf 92' lang='lat' dir='ltr'>in</span> <span class='ocrx_word' id='word_1_117' title='bbox 349 1499 418 1551; x_wconf 84' lang='lat' dir='ltr'>soliis</span> <span class='ocrx_word' id='word_1_118' title='bbox 438 1498 582 1567; x_wconf 82' lang='lat' dir='ltr'>descripsit</span> <span class='ocrx_word' id='word_1_119' title='bbox 600 1500 719 1552; x_wconf 91' lang='lat' dir='ltr'>cannina</span> <span class='ocrx_word' id='word_1_120' title='bbox 737 1499 820 1566; x_wconf 80' lang='lat' dir='ltr'>virgo,</span> <span class='ocrx_word' id='word_1_121' title='bbox 912 1514 951 1556; x_wconf 74' lang='lat' dir='ltr'>ut</span> 
     </span>
    </p>

    <p class='ocr_par' dir='ltr' id='par_1_20' title="bbox 93 1574 887 1644">
     <span class='ocr_line' id='line_1_20' title="bbox 93 1574 887 1644; baseline 0.004 -16"><span class='ocrx_word' id='word_1_122' title='bbox 93 1575 200 1643; x_wconf 84' lang='lat' dir='ltr'>Digcrit</span> <span class='ocrx_word' id='word_1_123' title='bbox 218 1575 246 1627; x_wconf 92' lang='lat' dir='ltr'>in</span> <span class='ocrx_word' id='word_1_124' title='bbox 266 1591 408 1627; x_wconf 86' lang='lat' dir='ltr'>numerum</span> <span class='ocrx_word' id='word_1_125' title='bbox 428 1578 511 1642; x_wconf 90' lang='lat' dir='ltr'>atque</span> <span class='ocrx_word' id='word_1_126' title='bbox 529 1579 608 1629; x_wconf 85' lang='lat' dir='ltr'>antro</span> <span class='ocrx_word' id='word_1_127' title='bbox 626 1574 731 1627; x_wconf 88' lang='lat' dir='ltr'>seclusa</span> <span class='ocrx_word' id='word_1_128' title='bbox 747 1574 887 1644; x_wconf 80' lang='lat' dir='ltr'>relinquit.</span> 
     </span>
    </p>

    <p class='ocr_par' dir='ltr' id='par_1_21' title="bbox 94 1650 884 1719">
     <span class='ocr_line' id='line_1_21' title="bbox 94 1650 884 1719; baseline 0.001 -16"><span class='ocrx_word' id='word_1_129' title='bbox 94 1652 146 1704; x_wconf 86' lang='lat' dir='ltr'>Illa</span> <span class='ocrx_word' id='word_1_130' title='bbox 163 1656 275 1704; x_wconf 88' lang='lat' dir='ltr'>manent</span> <span class='ocrx_word' id='word_1_131' title='bbox 293 1651 396 1704; x_wconf 89' lang='lat' dir='ltr'>inmota</span> <span class='ocrx_word' id='word_1_132' title='bbox 413 1651 479 1703; x_wconf 86' lang='lat' dir='ltr'>locis</span> <span class='ocrx_word' id='word_1_133' title='bbox 496 1667 585 1719; x_wconf 91' lang='lat' dir='ltr'>neque</span> <span class='ocrx_word' id='word_1_134' title='bbox 602 1651 638 1704; x_wconf 94' lang='lat' dir='ltr'>ab</span> <span class='ocrx_word' id='word_1_135' title='bbox 655 1650 750 1704; x_wconf 90' lang='lat' dir='ltr'>ordino</span> <span class='ocrx_word' id='word_1_136' title='bbox 768 1650 884 1717; x_wconf 79' lang='lat' dir='ltr'>cedunt3</span> 
     </span>
    </p>

    <p class='ocr_par' dir='ltr' id='par_1_22' title="bbox 93 1725 848 1790">
     <span class='ocr_line' id='line_1_22' title="bbox 93 1725 848 1790; baseline 0.001 -12"><span class='ocrx_word' id='word_1_137' title='bbox 93 1727 196 1779; x_wconf 88' lang='lat' dir='ltr'>Verum</span> <span class='ocrx_word' id='word_1_138' title='bbox 214 1725 317 1790; x_wconf 84' lang='lat' dir='ltr'>eadem,</span> <span class='ocrx_word' id='word_1_139' title='bbox 337 1742 415 1779; x_wconf 87' lang='lat' dir='ltr'>verso</span> <span class='ocrx_word' id='word_1_140' title='bbox 433 1728 523 1779; x_wconf 90' lang='lat' dir='ltr'>tenuis</span> <span class='ocrx_word' id='word_1_141' title='bbox 542 1744 602 1780; x_wconf 92' lang='lat' dir='ltr'>eum</span> <span class='ocrx_word' id='word_1_142' title='bbox 621 1726 733 1780; x_wconf 87' lang='lat' dir='ltr'>cardine</span> <span class='ocrx_word' id='word_1_143' title='bbox 750 1729 848 1780; x_wconf 79' lang='lat' dir='ltr'>ventus</span> 
     </span>
    </p>

    <p class='ocr_par' dir='ltr' id='par_1_23' title="bbox 94 1801 745 1870">
     <span class='ocr_line' id='line_1_23' title="bbox 94 1801 745 1870; baseline 0.003 -16"><span class='ocrx_word' id='word_1_144' title='bbox 94 1802 198 1870; x_wconf 89' lang='lat' dir='ltr'>Inpulit</span> <span class='ocrx_word' id='word_1_145' title='bbox 216 1806 245 1855; x_wconf 91' lang='lat' dir='ltr'>ct</span> <span class='ocrx_word' id='word_1_146' title='bbox 262 1805 372 1855; x_wconf 87' lang='lat' dir='ltr'>teneras</span> <span class='ocrx_word' id='word_1_147' title='bbox 390 1801 512 1855; x_wconf 83' lang='lat' dir='ltr'>turbarit</span> <span class='ocrx_word' id='word_1_148' title='bbox 529 1804 610 1856; x_wconf 88' lang='lat' dir='ltr'>ianua</span> <span class='ocrx_word' id='word_1_149' title='bbox 627 1803 745 1870; x_wconf 83' lang='lat' dir='ltr'>frondes,</span> 
     </span>
    </p>

    <p class='ocr_par' dir='ltr' id='par_1_24' title="bbox 94 1877 951 1947">
     <span class='ocr_line' id='line_1_24' title="bbox 94 1877 951 1947; baseline 0.006 -18"><span class='ocrx_word' id='word_1_150' title='bbox 94 1879 247 1946; x_wconf 78' lang='lat' dir='ltr'>Numquam</span> <span class='ocrx_word' id='word_1_151' title='bbox 267 1877 366 1931; x_wconf 90' lang='lat' dir='ltr'>deindo</span> <span class='ocrx_word' id='word_1_152' title='bbox 384 1894 449 1930; x_wconf 83' lang='lat' dir='ltr'>caro</span> <span class='ocrx_word' id='word_1_153' title='bbox 468 1878 609 1931; x_wconf 82' lang='lat' dir='ltr'>volitantia</span> <span class='ocrx_word' id='word_1_154' title='bbox 626 1878 762 1947; x_wconf 86' lang='lat' dir='ltr'>prendere</span> <span class='ocrx_word' id='word_1_155' title='bbox 779 1894 853 1947; x_wconf 86' lang='lat' dir='ltr'>saxo,</span> <span class='ocrx_word' id='word_1_156' title='bbox 911 1892 951 1934; x_wconf 69' lang='lat' dir='ltr'>tto</span> 
     </span>
    </p>

    <p class='ocr_par' dir='ltr' id='par_1_25' title="bbox 93 1953 824 2021">
     <span class='ocr_line' id='line_1_25' title="bbox 93 1953 824 2021; baseline 0.001 -16"><span class='ocrx_word' id='word_1_157' title='bbox 93 1953 151 2005; x_wconf 81' lang='lat' dir='ltr'>Nee</span> <span class='ocrx_word' id='word_1_158' title='bbox 169 1970 295 2007; x_wconf 81' lang='lat' dir='ltr'>revocare</span> <span class='ocrx_word' id='word_1_159' title='bbox 314 1955 382 2007; x_wconf 90' lang='lat' dir='ltr'>situs</span> <span class='ocrx_word' id='word_1_160' title='bbox 400 1957 448 2006; x_wconf 90' lang='lat' dir='ltr'>aut</span> <span class='ocrx_word' id='word_1_161' title='bbox 466 1954 578 2021; x_wconf 81' lang='lat' dir='ltr'>iungere</span> <span class='ocrx_word' id='word_1_162' title='bbox 596 1954 717 2007; x_wconf 87' lang='lat' dir='ltr'>earmina</span> <span class='ocrx_word' id='word_1_163' title='bbox 733 1956 824 2006; x_wconf 80' lang='lat' dir='ltr'>curat:</span> 
     </span>
    </p>

    <p class='ocr_par' dir='ltr' id='par_1_26' title="bbox 94 2029 784 2098">
     <span class='ocr_line' id='line_1_26' title="bbox 94 2029 784 2098; baseline 0.001 -17"><span class='ocrx_word' id='word_1_164' title='bbox 94 2029 243 2082; x_wconf 85' lang='lat' dir='ltr'>lneorrsulti</span> <span class='ocrx_word' id='word_1_165' title='bbox 261 2030 372 2096; x_wconf 88' lang='lat' dir='ltr'>abeunt,</span> <span class='ocrx_word' id='word_1_166' title='bbox 392 2030 540 2097; x_wconf 87' lang='lat' dir='ltr'>sedemque</span> <span class='ocrx_word' id='word_1_167' title='bbox 559 2029 641 2083; x_wconf 90' lang='lat' dir='ltr'>odere</span> <span class='ocrx_word' id='word_1_168' title='bbox 661 2030 784 2098; x_wconf 79' lang='lat' dir='ltr'>Sibyllae</span> 
     </span>
    </p>

    <p class='ocr_par' dir='ltr' id='par_1_27' title="bbox 95 2104 826 2174">
     <span class='ocr_line' id='line_1_27' title="bbox 95 2104 826 2174; baseline 0.004 -18"><span class='ocrx_word' id='word_1_169' title='bbox 95 2105 148 2157; x_wconf 87' lang='lat' dir='ltr'>llic</span> <span class='ocrx_word' id='word_1_170' title='bbox 166 2105 216 2158; x_wconf 91' lang='lat' dir='ltr'>tibi</span> <span class='ocrx_word' id='word_1_171' title='bbox 235 2123 269 2159; x_wconf 91' lang='lat' dir='ltr'>ne</span> <span class='ocrx_word' id='word_1_172' title='bbox 288 2122 342 2174; x_wconf 90' lang='lat' dir='ltr'>qua</span> <span class='ocrx_word' id='word_1_173' title='bbox 359 2122 452 2158; x_wconf 89' lang='lat' dir='ltr'>morae</span> <span class='ocrx_word' id='word_1_174' title='bbox 468 2106 571 2159; x_wconf 83' lang='lat' dir='ltr'>fuerint</span> <span class='ocrx_word' id='word_1_175' title='bbox 589 2104 733 2174; x_wconf 88' lang='lat' dir='ltr'>dispendia</span> <span class='ocrx_word' id='word_1_176' title='bbox 748 2105 826 2171; x_wconf 87' lang='lat' dir='ltr'>tanti,</span> 
     </span>
    </p>

    <p class='ocr_par' dir='ltr' id='par_1_28' title="bbox 94 2181 841 2249">
     <span class='ocr_line' id='line_1_28' title="bbox 94 2181 841 2249; baseline 0.001 -16"><span class='ocrx_word' id='word_1_177' title='bbox 94 2181 220 2244; x_wconf 80' lang='lat' dir='ltr'>Quamvis</span> <span class='ocrx_word' id='word_1_178' title='bbox 237 2183 402 2249; x_wconf 87' lang='lat' dir='ltr'>increpitent</span> <span class='ocrx_word' id='word_1_179' title='bbox 419 2182 491 2246; x_wconf 86' lang='lat' dir='ltr'>socii,</span> <span class='ocrx_word' id='word_1_180' title='bbox 510 2186 538 2235; x_wconf 89' lang='lat' dir='ltr'>ct</span> <span class='ocrx_word' id='word_1_181' title='bbox 556 2182 582 2234; x_wconf 91' lang='lat' dir='ltr'>vi</span> <span class='ocrx_word' id='word_1_182' title='bbox 600 2198 694 2234; x_wconf 91' lang='lat' dir='ltr'>cursus</span> <span class='ocrx_word' id='word_1_183' title='bbox 711 2182 738 2234; x_wconf 94' lang='lat' dir='ltr'>in</span> <span class='ocrx_word' id='word_1_184' title='bbox 757 2181 841 2234; x_wconf 89' lang='lat' dir='ltr'>altum</span> 
     </span>
    </p>

    <p class='ocr_par' dir='ltr' id='par_1_29' title="bbox 94 2256 948 2325">
     <span class='ocr_line' id='line_1_29' title="bbox 94 2256 948 2325; baseline 0 -18"><span class='ocrx_word' id='word_1_185' title='bbox 94 2256 164 2308; x_wconf 79' lang='lat' dir='ltr'>Vela·</span> <span class='ocrx_word' id='word_1_186' title='bbox 181 2261 259 2310; x_wconf 78' lang='lat' dir='ltr'>vocet</span> <span class='ocrx_word' id='word_1_187' title='bbox 275 2258 416 2325; x_wconf 85' lang='lat' dir='ltr'>possisque</span> <span class='ocrx_word' id='word_1_188' title='bbox 435 2258 507 2309; x_wconf 87' lang='lat' dir='ltr'>sinus</span> <span class='ocrx_word' id='word_1_189' title='bbox 525 2257 629 2324; x_wconf 89' lang='lat' dir='ltr'>inplere</span> <span class='ocrx_word' id='word_1_190' title='bbox 648 2257 788 2323; x_wconf 87' lang='lat' dir='ltr'>secundos,</span> <span class='ocrx_word' id='word_1_191' title='bbox 908 2266 948 2307; x_wconf 72' lang='lat' dir='ltr'>cto</span> 
     </span>
    </p>

    <p class='ocr_par' dir='ltr' id='par_1_30' title="bbox 95 2331 809 2401">
     <span class='ocr_line' id='line_1_30' title="bbox 95 2331 809 2401; baseline 0.004 -19"><span class='ocrx_word' id='word_1_192' title='bbox 95 2333 164 2396; x_wconf 88' lang='lat' dir='ltr'>Quin</span> <span class='ocrx_word' id='word_1_193' title='bbox 183 2332 266 2384; x_wconf 90' lang='lat' dir='ltr'>adeas</span> <span class='ocrx_word' id='word_1_194' title='bbox 284 2336 373 2385; x_wconf 80' lang='lat' dir='ltr'>vatem</span> <span class='ocrx_word' id='word_1_195' title='bbox 392 2331 571 2399; x_wconf 83' lang='lat' dir='ltr'>precibusque</span> <span class='ocrx_word' id='word_1_196' title='bbox 589 2333 698 2385; x_wconf 85' lang='lat' dir='ltr'>oracula</span> <span class='ocrx_word' id='word_1_197' title='bbox 714 2348 809 2401; x_wconf 86' lang='lat' dir='ltr'>poscas</span> 
     </span>
    </p>

    <p class='ocr_par' dir='ltr' id='par_1_31' title="bbox 95 2407 850 2477">
     <span class='ocr_line' id='line_1_31' title="bbox 95 2407 850 2477; baseline 0.001 -16"><span class='ocrx_word' id='word_1_198' title='bbox 95 2409 158 2476; x_wconf 88' lang='lat' dir='ltr'>Ipsa</span> <span class='ocrx_word' id='word_1_199' title='bbox 176 2410 262 2472; x_wconf 88' lang='lat' dir='ltr'>canat,</span> <span class='ocrx_word' id='word_1_200' title='bbox 282 2424 429 2475; x_wconf 79' lang='lat' dir='ltr'>vocemque</span> <span class='ocrx_word' id='word_1_201' title='bbox 447 2408 540 2461; x_wconf 81' lang='lat' dir='ltr'>rolens</span> <span class='ocrx_word' id='word_1_202' title='bbox 558 2411 642 2477; x_wconf 86' lang='lat' dir='ltr'>atquo</span> <span class='ocrx_word' id='word_1_203' title='bbox 660 2426 708 2462; x_wconf 87' lang='lat' dir='ltr'>ora</span> <span class='ocrx_word' id='word_1_204' title='bbox 725 2407 850 2463; x_wconf 81' lang='lat' dir='ltr'>resolvat</span> 
     </span>
    </p>

    <p class='ocr_par' dir='ltr' id='par_1_32' title="bbox 95 2483 745 2553">
     <span class='ocr_line' id='line_1_32' title="bbox 95 2483 745 2553; baseline 0.002 -16"><span class='ocrx_word' id='word_1_205' title='bbox 95 2484 147 2537; x_wconf 87' lang='lat' dir='ltr'>llla</span> <span class='ocrx_word' id='word_1_206' title='bbox 165 2483 215 2535; x_wconf 91' lang='lat' dir='ltr'>tibi</span> <span class='ocrx_word' id='word_1_207' title='bbox 234 2483 330 2536; x_wconf 89' lang='lat' dir='ltr'>ltaliae</span> <span class='ocrx_word' id='word_1_208' title='bbox 347 2484 461 2551; x_wconf 89' lang='lat' dir='ltr'>populos</span> <span class='ocrx_word' id='word_1_209' title='bbox 480 2487 649 2552; x_wconf 83' lang='lat' dir='ltr'>venturaque</span> <span class='ocrx_word' id='word_1_210' title='bbox 666 2485 745 2553; x_wconf 80' lang='lat' dir='ltr'>bella,</span> 
     </span>
    </p>

    <p class='ocr_par' dir='ltr' id='par_1_33' title="bbox 95 2560 907 2630">
     <span class='ocr_line' id='line_1_33' title="bbox 95 2560 907 2630; baseline 0.002 -17"><span class='ocrx_word' id='word_1_211' title='bbox 95 2561 131 2613; x_wconf 87' lang='lat' dir='ltr'>Et</span> <span class='ocrx_word' id='word_1_212' title='bbox 149 2574 201 2626; x_wconf 90' lang='lat' dir='ltr'>quo</span> <span class='ocrx_word' id='word_1_213' title='bbox 220 2575 356 2625; x_wconf 90' lang='lat' dir='ltr'>quemquo</span> <span class='ocrx_word' id='word_1_214' title='bbox 374 2560 454 2611; x_wconf 94' lang='lat' dir='ltr'>modo</span> <span class='ocrx_word' id='word_1_215' title='bbox 472 2561 615 2629; x_wconf 81' lang='lat' dir='ltr'>fugiasque</span> <span class='ocrx_word' id='word_1_216' title='bbox 632 2561 759 2630; x_wconf 82' lang='lat' dir='ltr'>ferasque</span> <span class='ocrx_word' id='word_1_217' title='bbox 776 2560 907 2621; x_wconf 79' lang='lat' dir='ltr'>laborem.</span> 
     </span>
    </p>

    <p class='ocr_par' dir='ltr' id='par_1_34' title="bbox 94 2635 950 2703">
     <span class='ocr_line' id='line_1_34' title="bbox 94 2635 950 2703; baseline 0.006 -15"><span class='ocrx_word' id='word_1_218' title='bbox 94 2635 237 2703; x_wconf 80' lang='lat' dir='ltr'>Expediet,</span> <span class='ocrx_word' id='word_1_219' title='bbox 255 2650 404 2703; x_wconf 91' lang='lat' dir='ltr'>cursusque</span> <span class='ocrx_word' id='word_1_220' title='bbox 423 2635 501 2687; x_wconf 89' lang='lat' dir='ltr'>dabit</span> <span class='ocrx_word' id='word_1_221' title='bbox 519 2639 648 2689; x_wconf 79' lang='lat' dir='ltr'>venerata</span> <span class='ocrx_word' id='word_1_222' title='bbox 667 2635 805 2690; x_wconf 88' lang='lat' dir='ltr'>secundos.</span> <span class='ocrx_word' id='word_1_223' title='bbox 910 2652 950 2693; x_wconf 73' lang='grc' dir='ltr'>4ο)</span> 
     </span>
    </p>

    <p class='ocr_par' dir='ltr' id='par_1_35' title="bbox 95 2710 813 2776">
     <span class='ocr_line' id='line_1_35' title="bbox 95 2710 813 2776; baseline 0.004 -12"><span class='ocrx_word' id='word_1_224' title='bbox 95 2712 172 2764; x_wconf 90' lang='lat' dir='ltr'>llaec</span> <span class='ocrx_word' id='word_1_225' title='bbox 190 2712 260 2776; x_wconf 80' lang='lat' dir='ltr'>sunt,</span> <span class='ocrx_word' id='word_1_226' title='bbox 279 2725 349 2776; x_wconf 86' lang='lat' dir='ltr'>quae</span> <span class='ocrx_word' id='word_1_227' title='bbox 367 2714 460 2762; x_wconf 84' lang='lat' dir='ltr'>nostra</span> <span class='ocrx_word' id='word_1_228' title='bbox 478 2710 559 2764; x_wconf 86' lang='lat' dir='ltr'>liccat</span> <span class='ocrx_word' id='word_1_229' title='bbox 575 2715 605 2765; x_wconf 90' lang='lat' dir='ltr'>te</span> <span class='ocrx_word' id='word_1_230' title='bbox 623 2728 687 2766; x_wconf 90' lang='lat' dir='ltr'>voce</span> <span class='ocrx_word' id='word_1_231' title='bbox 704 2712 813 2767; x_wconf 89' lang='lat' dir='ltr'>moneri.</span> 
     </span>
    </p>

    <p class='ocr_par' dir='ltr' id='par_1_36' title="bbox 94 2785 930 2931">
     <span class='ocr_line' id='line_1_36' title="bbox 94 2785 930 2853; baseline 0.005 -14"><span class='ocrx_word' id='word_1_232' title='bbox 94 2787 173 2839; x_wconf 88' lang='lat' dir='ltr'>Vade</span> <span class='ocrx_word' id='word_1_233' title='bbox 191 2802 248 2853; x_wconf 81' lang='lat' dir='ltr'>ago,</span> <span class='ocrx_word' id='word_1_234' title='bbox 268 2788 296 2838; x_wconf 93' lang='lat' dir='ltr'>et</span> <span class='ocrx_word' id='word_1_235' title='bbox 314 2785 452 2853; x_wconf 78' lang='lat' dir='ltr'>ingentem</span> <span class='ocrx_word' id='word_1_236' title='bbox 472 2787 550 2838; x_wconf 87' lang='lat' dir='ltr'>factis</span> <span class='ocrx_word' id='word_1_237' title='bbox 568 2788 609 2840; x_wconf 84' lang='lat' dir='ltr'>fer</span> <span class='ocrx_word' id='word_1_238' title='bbox 626 2788 662 2840; x_wconf 89' lang='lat' dir='ltr'>ad</span> <span class='ocrx_word' id='word_1_239' title='bbox 680 2788 792 2842; x_wconf 82' lang='lat' dir='ltr'>aethera</span> <span class='ocrx_word' id='word_1_240' title='bbox 810 2788 930 2843; x_wconf 80' lang='lat' dir='ltr'>Troiam.</span> 
     </span>
     <span class='ocr_line' id='line_1_37' title="bbox 129 2862 874 2931; baseline 0.005 -17"><span class='ocrx_word' id='word_1_241' title='bbox 129 2864 204 2926; x_wconf 74' lang='lat' dir='ltr'>Quae</span> <span class='ocrx_word' id='word_1_242' title='bbox 221 2864 365 2929; x_wconf 85' lang='lat' dir='ltr'>postquam</span> <span class='ocrx_word' id='word_1_243' title='bbox 384 2867 461 2914; x_wconf 84' lang='lat' dir='ltr'>vates</span> <span class='ocrx_word' id='word_1_244' title='bbox 480 2862 518 2914; x_wconf 90' lang='lat' dir='ltr'>sic</span> <span class='ocrx_word' id='word_1_245' title='bbox 536 2879 583 2915; x_wconf 91' lang='lat' dir='ltr'>oro</span> <span class='ocrx_word' id='word_1_246' title='bbox 601 2863 698 2916; x_wconf 82' lang='lat' dir='ltr'>otiatus</span> <span class='ocrx_word' id='word_1_247' title='bbox 717 2864 803 2918; x_wconf 88' lang='lat' dir='ltr'>amico</span> <span class='ocrx_word' id='word_1_248' title='bbox 820 2866 874 2931; x_wconf 78' lang='lat' dir='ltr'>ost,</span> 
     </span>
    </p>

    <p class='ocr_par' dir='ltr' id='par_1_37' title="bbox 94 2936 827 3007">
     <span class='ocr_line' id='line_1_38' title="bbox 94 2936 827 3007; baseline -0.003 -16"><span class='ocrx_word' id='word_1_249' title='bbox 94 2938 172 2991; x_wconf 87' lang='lat' dir='ltr'>Dona</span> <span class='ocrx_word' id='word_1_250' title='bbox 189 2936 286 2990; x_wconf 89' lang='lat' dir='ltr'>dehinc</span> <span class='ocrx_word' id='word_1_251' title='bbox 304 2953 370 2989; x_wconf 90' lang='lat' dir='ltr'>auro</span> <span class='ocrx_word' id='word_1_252' title='bbox 388 2939 482 3004; x_wconf 81' lang='lat' dir='ltr'>gravia</span> <span class='ocrx_word' id='word_1_253' title='bbox 500 2942 629 3006; x_wconf 89' lang='lat' dir='ltr'>sectoque</span> <span class='ocrx_word' id='word_1_254' title='bbox 646 2939 792 3007; x_wconf 87' lang='lat' dir='ltr'>elephanto</span> <span class='ocrx_word' id='word_1_255' title='bbox 824 2982 827 2989; x_wconf 96' lang='lat'>.</span> 
     </span>
    </p>

    <p class='ocr_par' dir='ltr' id='par_1_38' title="bbox 95 3012 951 3081">
     <span class='ocr_line' id='line_1_39' title="bbox 95 3012 951 3081; baseline 0.002 -15"><span class='ocrx_word' id='word_1_256' title='bbox 95 3015 207 3081; x_wconf 89' lang='lat' dir='ltr'>Inperat</span> <span class='ocrx_word' id='word_1_257' title='bbox 224 3012 260 3064; x_wconf 88' lang='lat' dir='ltr'>ad</span> <span class='ocrx_word' id='word_1_258' title='bbox 277 3012 353 3065; x_wconf 85' lang='lat' dir='ltr'>navis</span> <span class='ocrx_word' id='word_1_259' title='bbox 371 3013 445 3076; x_wconf 87' lang='lat' dir='ltr'>ferri,</span> <span class='ocrx_word' id='word_1_260' title='bbox 463 3013 602 3081; x_wconf 88' lang='lat' dir='ltr'>stipatque</span> <span class='ocrx_word' id='word_1_261' title='bbox 621 3016 717 3068; x_wconf 84' lang='lat' dir='ltr'>carinis</span> <span class='ocrx_word' id='word_1_262' title='bbox 878 3050 881 3055; x_wconf 91' lang='lat'><em>-</em></span> <span class='ocrx_word' id='word_1_263' title='bbox 912 3030 951 3073; x_wconf 67' lang='lat' dir='ltr'>m</span> 
     </span>
    </p>

    <p class='ocr_par' dir='ltr' id='par_1_39' title="bbox 95 3090 732 3156">
     <span class='ocr_line' id='line_1_40' title="bbox 95 3090 732 3156; baseline 0 -14"><span class='ocrx_word' id='word_1_264' title='bbox 95 3090 196 3156; x_wconf 83' lang='lat' dir='ltr'>Ingens</span> <span class='ocrx_word' id='word_1_265' title='bbox 215 3092 366 3155; x_wconf 83' lang='lat' dir='ltr'>argentum,</span> <span class='ocrx_word' id='word_1_266' title='bbox 385 3090 601 3156; x_wconf 87' lang='lat' dir='ltr'>Dodonaeosque</span> <span class='ocrx_word' id='word_1_267' title='bbox 619 3090 732 3156; x_wconf 84' lang='lat' dir='ltr'>lebetas,</span> 
     </span>
    </p>

    <p class='ocr_par' dir='ltr' id='par_1_40' title="bbox 94 3164 772 3235">
     <span class='ocr_line' id='line_1_41' title="bbox 94 3164 772 3235; baseline 0.001 -15"><span class='ocrx_word' id='word_1_268' title='bbox 94 3164 217 3220; x_wconf 84' lang='lat' dir='ltr'>Loricam</span> <span class='ocrx_word' id='word_1_269' title='bbox 235 3167 387 3218; x_wconf 84' lang='lat' dir='ltr'>consertam</span> <span class='ocrx_word' id='word_1_270' title='bbox 405 3164 492 3219; x_wconf 88' lang='lat' dir='ltr'>hamis</span> <span class='ocrx_word' id='word_1_271' title='bbox 510 3180 631 3235; x_wconf 83' lang='lat' dir='ltr'>auroque</span> <span class='ocrx_word' id='word_1_272' title='bbox 647 3164 772 3232; x_wconf 80' lang='lat' dir='ltr'>trilicem,</span> 
     </span>
    </p>
   </div>
   <div class='ocr_carea' id='block_1_3' title="bbox 0 0 1022 3524">
    <p class='ocr_par' dir='ltr' id='par_1_41' title="bbox 0 0 1022 3524">
     <span class='ocr_line' id='line_1_42' title="bbox 0 0 1022 3524; baseline 0 0"><span class='ocrx_word' id='word_1_273' title='bbox 0 0 1022 3524; x_wconf 95' lang='lat' dir='ltr'> </span> 
     </span>
    </p>
   </div>
  </div>
 </body>
</html>
