2032 3524
317 387 346 434 P.
365 386 516 433 VERGILI
533 384 696 432 MARONIS

275 560 736 638 AENEIDOS

347 766 465 819 LIBER
484 765 659 818 DECIMUS.

451 929 551 954 *ο-

82 1043 232 1097 Pannmun
249 1047 354 1097 interea
372 1045 468 1096 domus
486 1044 681 1110 omnipotentis
700 1041 816 1111 Olympi,

83 1120 286 1186 Consiliumque
305 1124 383 1172 vocat
401 1119 491 1171 divom
510 1124 590 1186 pater
608 1123 691 1187 atque
709 1118 848 1171 hominum
865 1133 914 1169 rex

82 1195 222 1247 Sideream
241 1195 268 1246 in
288 1195 389 1261 sedem,
407 1199 496 1247 terras
514 1195 588 1247 unde
605 1195 707 1247 arduus
725 1193 812 1246 omnis

82 1271 233 1337 Castraque
252 1270 440 1323 Dardanidum
458 1271 602 1339 adspectat
619 1270 788 1339 populosque
801 1267 924 1322 'Latinos

82 1345 232 1399 Considunt
250 1348 330 1399 tectis
351 1346 555 1415 bipatentibus;
572 1347 668 1415 incipit
685 1346 760 1414 ipse:
915 1361 926 1397 o

81 1421 230 1475 Caelicolae
248 1423 346 1490 magni,
365 1440 491 1492 quianam
509 1424 646 1477 sententia
662 1415 739 1475 uobis

81 1498 169 1550 Versa
187 1502 269 1566 retro,
286 1499 448 1568 tantumque
465 1501 562 1553 aninris
580 1501 692 1554 certatis
709 1499 828 1567 iniquisl

81 1574 239 1628 Abnueram
257 1576 329 1628 bello
349 1577 456 1629 ltaliam
474 1594 637 1633 concurrere
656 1575 773 1629 Teucris.

81 1650 156 1712 Quae
173 1656 270 1705 contra
287 1654 402 1706 vetitum
423 1653 576 1707 discordia?
594 1655 655 1721 quis
673 1655 763 1706 metus
781 1653 829 1704 aut
846 1649 896 1702 hos

80 1728 139 1780 Aut
156 1727 205 1780 hos
223 1746 299 1781 anna
318 1730 392 1796 sequi
412 1731 569 1796 fermmque
586 1730 719 1782 lacessere
737 1727 843 1781 suasitl
901 1741 926 1778 10

80 1803 217 1857 Adveniet
235 1807 335 1858 iustum
355 1823 469 1872 pugnae,
486 1823 521 1859 ne
540 1807 677 1871 arcessite,
694 1808 812 1872 tempus,

80 1879 147 1931 Cum
166 1881 224 1932 lora
244 1882 385 1947 Karthago
404 1882 533 1934 Romanis
552 1880 659 1933 arcibus
677 1880 741 1932 olim

79 1955 201 2007 Exitium
220 1972 347 2021 magnum
366 1959 449 2021 atque
468 1955 555 2023 Alpes
571 1955 693 2008 inmittet
712 1957 838 2021 apertas:

79 2030 148 2081 Tum
166 2034 271 2082 certare
290 2029 367 2096 odiis,
386 2034 445 2083 tum
464 2046 507 2082 res
526 2030 649 2099 rapuisse
667 2028 768 2082 licebit.

79 2105 104 2156 N
107 2121 160 2156 unc
177 2104 265 2169 sinite,
284 2110 313 2157 et
330 2105 460 2173 placitum
478 2105 543 2158 laeti
562 2104 706 2171 conposite
723 2103 830 2157 foedus.
902 2118 925 2158 aa

115 2179 241 2248 luppiter
258 2181 325 2232 haec
342 2180 452 2248 paucis;
470 2184 499 2233 at
517 2197 569 2232 non
589 2180 684 2232 Venus
701 2195 784 2232 aurea
801 2184 897 2233 eontra

80 2255 170 2307 Pauca
188 2256 289 2308 refert:

79 2331 102 2383 Ο
123 2332 213 2398 Pater,
231 2349 247 2383 o
266 2332 403 2384 hominum
422 2348 569 2398 rerumque
587 2335 699 2385 aeterna
716 2335 853 2400 potestas!

79 2407 205 2474 Namque
223 2408 298 2460 aliud
316 2407 381 2474 quid
401 2409 444 2474 sit,
464 2408 537 2476 quod
556 2407 609 2460 iam
624 2408 761 2475 inplorare
776 2407 926 2475 queamus?

80 2483 183 2549 Cernis,
201 2488 232 2535 ut
251 2484 381 2536 insultent
401 2483 504 2548 Rutuli,
523 2483 684 2551 Turnusque
702 2484 808 2536 feratur
903 2497 926 2534 ai

81 2559 134 2610 Per
151 2560 255 2612 medios
273 2560 386 2627 insignis
404 2560 481 2627 cquis
501 2559 677 2628 tumidusque
696 2559 815 2613 secundo

80 2634 171 2686 Marte
190 2639 252 2687 runt
264 2637 273 2688 l
293 2636 353 2687 Non
372 2636 462 2687 clausa
480 2638 580 2701 tegunt
597 2635 652 2687 iam
669 2636 777 2687 moenia
792 2635 924 2687 Teucros·

81 2709 151 2772 Quin
170 2709 242 2761 intra
259 2715 352 2778 portas
369 2716 452 2776 atque
470 2710 536 2778 ipsis
553 2711 657 2777 proelia
674 2710 788 2764 miscent

82 2784 237 2850 Aggeribus
256 2801 402 2851 murorum,
422 2790 450 2839 et
467 2785 602 2839 inundant
621 2785 753 2852 sanguine
770 2784 867 2838 fossae.

82 2861 190 2913 Aeneas
208 2860 318 2927 ignarus
336 2860 421 2913 abest.
458 2861 650 2928 Numquamne
668 2860 752 2914 leuari
903 2874 927 2914 aa

82 2935 232 2988 Obsidione
250 2937 342 2989 sincsl
361 2937 445 2990 muris
463 2937 563 2990 iterum
580 2938 705 2990 imminet
723 2937 809 2992 hostis

82 3011 225 3065 Nascentis
244 3012 346 3079 Troiae,
364 3029 486 3066 necnon
505 3014 641 3067 exereitus
659 3015 746 3077 alter;

84 3090 178 3154 Atque
195 3088 295 3141 iterum
314 3088 341 3141 in
361 3089 478 3143 Teucros
498 3089 604 3143 Aetolis
622 3090 711 3157 surgit
728 3089 763 3143 ab
783 3090 867 3158 Arpis
