2032 3524
331 120 407 167 AEN
409 119 512 167 EIDOS
530 119 600 168 LIB.
620 119 642 167 Ι.
878 121 908 166 93

58 201 181 270 Rupibus
199 199 336 267 excidunt,
355 200 457 252 scaenis
477 199 575 252 decora
593 199 650 252 alta
667 198 772 253 futuris.

58 278 149 341 Qualis
167 293 233 346 apes
252 279 357 329 aestate
376 292 445 328 nova
463 292 512 342 per
530 274 614 328 florea
631 291 695 328 rura
873 290 909 330 sorr

60 354 176 405 Exercet
195 352 246 405 sub
265 352 320 405 sole
338 351 422 418 labor,
441 368 502 404 cum
520 351 611 418 gentis
630 352 738 406 adultos

58 429 185 482 Educunt
203 428 284 495 fetus,
303 431 351 480 aut
369 445 431 480 cum
449 428 580 494 liquentia
598 427 679 480 mella

58 507 166 574 Stipant
185 507 213 558 ct
233 504 305 556 dulci
324 503 485 556 distendunt
504 507 614 557 nectare
632 505 719 570 collas,

61 583 117 635 Aut
135 597 218 634 onera
236 580 370 647 accipiunt
389 579 546 651 venientum
564 584 611 634 aut
629 582 735 648 agmine
752 583 824 634 facto

59 657 191 724 Ignavum
210 657 285 709 fucos
302 672 384 724 pecus
404 671 421 708 a
437 655 614 724 praesepibus
633 661 738 711 arcent:
874 672 909 712 43⁶

59 734 160 787 Fervet
178 750 251 801 opus,
270 732 450 800 redolentque
470 732 561 800 thymo
580 733 729 800 fragrantia
746 733 832 786 mella

59 809 82 862 0
100 809 240 875 fortunati,
260 826 373 877 quorum
392 810 446 862 iam
464 811 569 862 moenia
588 813 717 878 surgunt!

60 887 168 939 Aeneas
186 887 231 952 ait,
251 889 280 938 ct
298 885 405 953 fastigia
425 886 536 953 suspicit
553 886 635 939 urbis.

61 963 149 1014 Infert
167 979 196 1015 se
214 966 324 1030 saeptus
343 961 597 1014 nebula-mirabile
615 961 724 1015 dictu—

61 1037 113 1091 l’er
130 1038 240 1103 medios,
258 1038 406 1106 miscetque
424 1039 495 1103 viris,
515 1055 602 1106 neque
620 1038 739 1090 cernitur
756 1037 810 1090 ulli.
873 1051 910 1090 440

94 1113 182 1166 Lucus
199 1115 227 1167 in
244 1113 313 1166 urbc
331 1113 384 1166 fuit
401 1114 500 1180 media,
519 1113 682 1166 laetissimus
700 1113 821 1178 umbrae,

60 1190 119 1253 Quo
137 1190 253 1258 primum
271 1191 364 1243 iactati
381 1190 461 1242 undis
479 1193 508 1242 et
526 1189 635 1242 turbiue
654 1189 738 1241 Poeni

61 1263 186 1318 Effudere
204 1265 261 1318 loco
280 1268 392 1334 signum,
413 1266 487 1333 quod
505 1266 580 1332 regia
600 1266 668 1317 Iunc

60 1341 235 1408 Monstrarat,
255 1346 337 1410 caput
356 1343 425 1395 acris
444 1343 520 1410 equi,
541 1342 578 1394 sic
596 1359 658 1394 uam
677 1341 734 1394 fore
751 1340 824 1394 bello

62 1417 203 1484 Egregiam
222 1421 250 1471 et
268 1418 374 1472 facilem
394 1420 466 1472 victu
484 1436 533 1487 per
552 1419 657 1471 saecula
674 1421 790 1486 gentem.
873 1430 911 1470 445

65 1493 114 1545 llic
132 1494 263 1562 templum
285 1495 380 1547 Iunoni
398 1497 493 1563 ingens
513 1495 623 1547 Sidonia
641 1494 713 1546 Dido

62 1567 209 1635 Condebat,
229 1570 306 1624 donis
325 1571 482 1639 opulentum
501 1575 530 1624 et
548 1571 656 1623 numine
675 1570 760 1637 divae,

61 1647 152 1697 Aerca
170 1646 212 1698 cui
229 1647 360 1714 gradibus
379 1648 527 1715 surgebant
545 1646 638 1699 limina
655 1663 793 1714 nexaeque

61 1721 135 1773 Aere
153 1721 253 1789 trabes,
272 1723 373 1775 scribus
394 1723 475 1776 cardo
495 1722 629 1776 stridebat
647 1723 727 1775 acnis.

62 1796 122 1848 Hoc
139 1798 256 1864 primum
274 1800 300 1851 in
319 1798 378 1851 luco
398 1816 466 1852 nova
484 1816 528 1851 res
547 1798 638 1851 oblata
656 1798 780 1850 timorem
875 1810 911 1849 eso

61 1870 352 1941 Leuiit,hicprimu1n
373 1877 481 1927 Aeneas
501 1890 610 1942 sperare
630 1872 745 1926 salutem

61 1949 153 2000 Ausus
172 1952 200 2001 ct
219 1950 334 2002 adflictis
352 1951 448 2002 melius
467 1950 602 2003 confidere
620 1949 708 2001 rebus.

62 2023 186 2090 namque
206 2025 255 2075 sub
273 2026 377 2091 ingenti
395 2025 495 2077 lustrat
514 2025 578 2076 dum
598 2024 703 2090 singula
720 2022 829 2090 templo,

62 2097 195 2164 Reginam
214 2100 364 2167 opperiens
384 2099 456 2164 dum,
475 2116 543 2167 qnae
564 2099 684 2150 Fortuna
702 2098 737 2149 sit
754 2097 821 2160 urbi,

63 2173 262 2242 Artificumqne
280 2192 375 2228 manus
393 2175 464 2227 inter
483 2192 512 2227 se
531 2189 696 2241 operumque
714 2171 833 2223 laborem
876 2185 911 2224 455

62 2248 187 2316 Miratur,
207 2251 283 2304 videt
302 2252 400 2304 Iliacas
419 2268 451 2304 ex
471 2251 565 2302 ordine
583 2266 687 2318 pugnas

63 2324 193 2394 Bellaque
211 2327 264 2381 iam
283 2328 355 2380 fama
373 2331 461 2380 totum
480 2327 589 2393 volgata
605 2326 773 2393 penorbem,

63 2402 183 2466 Atridas,
203 2403 402 2471 Priamumque,
422 2408 451 2456 ct
470 2420 578 2455 saevum
598 2401 729 2454 ambobus
750 2400 881 2453 Achillen.

64 2477 199 2544 Constitit,
214 2483 242 2532 ct
254 2480 403 2545 lacrimans,
419 2479 485 2543 Quis
498 2480 552 2531 iam
565 2479 646 2545 locus,
660 2477 756 2545 inquit,
771 2476 885 2540 Achate,

64 2552 139 2615 Quae
157 2555 230 2622 regio
249 2556 276 2608 in
295 2557 377 2609 terris
393 2556 481 2608 nostri
499 2572 551 2608 non
569 2555 650 2623 plena
667 2553 784 2607 laborisl
875 2567 912 2604 sec

65 2627 105 2679 lln
125 2628 256 2685 Priamus.
294 2632 364 2685 Sunt
382 2632 425 2684 hic
443 2632 526 2684 etiam
546 2647 594 2683 sua
612 2630 734 2699 praemia
751 2629 841 2693 laudi,

65 2704 133 2756 Sunt
150 2705 277 2760 lacrimae
295 2725 388 2761 rerum
406 2711 435 2760 et
453 2711 573 2760 mentem
591 2707 716 2759 mortalia
733 2707 856 2773 tangunt

64 2778 144 2831 Solve
161 2785 265 2846 metus;
283 2784 354 2836 ferct
372 2783 438 2836 haec
456 2783 574 2850 aliquam
593 2781 642 2836 tibi
660 2781 732 2835 fama
750 2781 873 2834 salutem.

65 2853 109 2907 Sic
128 2854 174 2921 ait,
192 2861 276 2925 atquc
294 2858 412 2910 animum
431 2859 538 2926 pictura
556 2859 643 2927 pascit
660 2858 741 2923 inani,

66 2929 154 2982 Multa
171 2947 291 2998 gemens,
309 2933 440 3001 largoque
459 2934 598 2988 humectat
615 2934 725 2985 flumine
743 2932 853 2984 voltum.
876 2944 912 2982 scs

66 3005 191 3074 Namque
210 3006 328 3074 ridebat,
347 3009 387 3060 uti
405 3008 539 3062 bellantes
559 3010 691 3077 Pergama
708 3008 809 3060 circum

67 3080 127 3133 Hac
144 3080 272 3150 fugerent
290 3083 373 3148 Graii,
392 3088 530 3151 premeret
548 3085 663 3137 Troiana
681 3083 814 3144 iuventus,

66 3155 128 3210 Hac
146 3152 274 3228 Phryges,
292 3159 409 3214 instaret
427 3174 509 3214 muru
526 3160 654 3215 cristatus
672 3157 752 3215 Achil
