2032 3524
340 120 520 168 Annnlnos
539 121 608 169 ΜΒ.
631 121 664 169 V.
881 121 927 175 173'

80 206 146 260 Alta
163 212 267 272 petens,
285 204 443 270 pariterque
462 201 554 255 oculos
571 202 712 272 telumque
729 205 855 260 tetendit.

79 287 135 336 Ast
151 283 238 348 ipsam
256 279 426 331 miserandus
443 295 521 331 avem
539 280 699 346 contingere
716 279 790 333 ferro

78 359 103 411 N
106 376 140 410 on
159 356 256 420 valuit;
275 354 360 407 nodos
378 359 406 408 et
424 354 531 408 vincula
548 355 620 408 linea
637 357 718 424 rupit,
891 373 928 413 sio

78 434 145 497 Quis
162 433 261 486 innexa
278 431 376 499 pedem
395 431 465 483 malo
484 431 622 499 pendebat
640 431 675 485 ub
694 433 763 498 alto;

79 510 131 563 Illa
148 513 227 562 notos
244 512 327 575 atquo
344 511 406 560 atra
423 508 516 560 volans
533 508 561 560 in
579 508 673 561 nubila
689 510 766 577 fugit.

78 588 147 640 Tum
164 585 283 653 rapidus,
301 583 460 637 iamdudum
480 601 544 637 arcu
563 588 692 639 contenta
709 591 805 654 parato

78 663 143 717 Tela
160 666 265 728 tenens,
282 660 397 713 fratrem
416 660 545 728 Eurytion
563 661 591 713 in
608 666 673 715 rota
690 663 802 730 vocarit,

79 741 139 797 Iam
157 754 240 792 vacuo
258 737 358 790 laetam
376 737 450 789 eaelo
469 737 631 806 speculatus,
650 742 679 792 et
697 739 747 792 alis
892 757 928 795 sis

79 815 260 868 Plaudentem
278 813 357 880 nigra
374 812 435 880 figit
452 812 503 865 sub
522 813 594 866 nubo
612 814 770 870 columbam,

79 892 189 946 Decidit
206 889 344 953 exanimis,
361 889 500 956 vitamque
518 889 628 958 reliquit
647 891 674 944 in
693 893 774 944 astris

81 968 225 1033 Aetheriis,
243 966 380 1033 fixamque
399 966 483 1018 refert
501 965 612 1035 delapsa
630 968 765 1034 sagittam.

80 1045 188 1098 Amissa
206 1042 277 1095 solus
295 1041 385 1110 palma
402 1041 549 1108 superabat
567 1043 697 1108 Acestes;

79 1121 131 1184 Qui
150 1124 241 1173 tamen
259 1118 345 1171 serias
363 1117 448 1170 telum
467 1117 608 1170 contendit
626 1118 653 1170 in
672 1135 756 1185 auras,
892 1135 928 1175 sao

80 1196 227 1250 Ostentans
246 1197 388 1260 artemque
405 1197 484 1259 pater
502 1203 649 1261 arcumque
667 1200 813 1251 sonantem.

80 1272 135 1326 Hic
152 1271 234 1324 oculis
252 1269 372 1323 subitum
389 1269 516 1322 obiicitur
534 1286 686 1338 magnoque
704 1272 825 1327 futurum

80 1347 205 1416 Augurio
222 1349 388 1410 monstrum-3
406 1346 500 1398 docuit
517 1350 579 1413 post
598 1347 687 1400 exitus
705 1348 808 1419 ingens,

80 1425 201 1492 Senaque
218 1422 331 1476 terrifici
348 1423 504 1475 cecinerunt
523 1423 611 1475 omina
628 1427 712 1477 rates.

81 1501 206 1568 Namque
223 1498 316 1551 volans
332 1497 444 1566 liquidis
461 1498 489 1549 in
507 1498 624 1552 nubibus
643 1501 710 1553 arsit
728 1503 839 1571 aurudo,
892 1518 928 1557 sas

81 1578 257 1644 signavitque
275 1575 345 1626 riam
364 1573 486 1640 flammis,
505 1576 649 1643 tenuisque
667 1579 780 1631 recessit

81 1653 248 1721 Cousmupta
264 1653 293 1704 in
311 1654 422 1715 ventos5
440 1651 515 1704 caclo
532 1669 581 1704 ceu
600 1669 680 1721 saepe
698 1656 783 1708 refixa

81 1730 280 1783 Transcurrunt
298 1727 455 1795 crinemque
474 1728 591 1781 volantia
609 1729 700 1782 sidera
718 1731 827 1785 ducunt.

84 1807 216 1860 Attonitis
232 1805 345 1858 haesere
362 1804 466 1871 animis,
485 1805 656 1873 Superosquc
674 1810 776 1875 precati

81 1883 210 1936 Trinacrii
227 1881 377 1950 Teucrique
394 1880 460 1944 riri3
477 1897 525 1934 ncc
544 1898 686 1935 maxumus
704 1901 782 1937 omen
891 1900 929 1941 nro

82 1959 187 2011 Abuuit
207 1961 330 2020 Aeneas;
348 1956 397 2009 sed
415 1956 516 2010 laetum
534 1959 673 2025 amplexus
694 1963 812 2014 Acesten

82 2033 243 2087 Muneribus
260 2031 380 2085 cumulat
398 2034 509 2100 magnis,
528 2049 559 2086 ac
578 2035 644 2086 talia
661 2036 745 2087 Astur:

83 2111 171 2175 Sume,
190 2111 284 2177 pator3
302 2124 363 2160 narn
381 2111 410 2160 te
427 2108 512 2161 voluit
529 2126 578 2161 rex
596 2127 710 2177 magnus
729 2112 834 2181 ‘llyrnpi

83 2186 194 2239 Talibus
211 2183 336 2252 auspiciis
354 2188 489 2237 exsortem
509 2186 609 2239 ducere
629 2186 764 2240 honorum.

84 2263 172 2330 ipsius
191 2260 327 2314 Anchisae
344 2259 466 2327 longaeui
483 2261 533 2314 hoc
550 2278 647 2313 numus
665 2262 785 2329 linietis,
893 2280 929 2317 sa.

84 2339 196 2392 Cratera
212 2338 363 2405 inpressum
381 2337 471 2404 signis,
489 2354 569 2406 quem
588 2338 717 2391 ‘l'hnusins
735 2341 797 2393 olim

83 2414 219 2468 Anchisae
236 2412 353 2482 genitori
370 2412 399 2464 in
416 2428 515 2480 magno
532 2431 645 2468 numero
663 2416 771 2469 (liumus

84 2492 167 2545 Ferre
184 2491 226 2545 sui
244 2489 361 2544 dederat
377 2493 581 2542 monumentum
599 2496 628 2543 et
645 2492 742 2559 pignus
760 2494 865 2549 rimeris.

83 2568 127 2620 sic
143 2568 215 2621 fatus
234 2566 319 2634 cinglt
336 2564 465 2618 viridanti
486 2568 610 2634 tempora
627 2566 711 2635 lanrq

84 2644 119 2696 Et
136 2644 254 2711 primum
271 2645 335 2694 anto
351 2640 439 2694 omnis
456 2641 586 2694 victorem
604 2644 725 2711 appellat
746 2648 870 2699 Achaten,
893 2656 932 2697 ssi

84 2718 142 2771 Nec
159 2717 246 2770 bonus
263 2717 395 2785 Eurytion
412 2716 536 2786 praelato
553 2718 652 2771 invidit
669 2720 772 2789 imunt,

84 2793 212 2856 Quamvis
230 2793 303 2846 solus
320 2809 397 2846 avom
413 2792 488 2846 caelo
506 2792 606 2847 deiecit
623 2794 658 2847 ab
675 2794 740 2849 oltra

85 2869 237 2922 Proxumus
254 2868 407 2936 ingreditur
423 2868 509 2937 donis,
527 2870 574 2939 qni
592 2868 699 2924 vincnh
715 2870 798 2941 rripit,

85 2947 240 3013 Extremus,
257 2944 360 2998 volucri
377 2944 424 3012 qui
441 2944 503 2999 iixit
519 2945 652 2999 amandino
669 2944 778 3021 malum.

122 3024 162 3075 At·
178 3024 258 3090 pater
276 3022 392 3086 Aeneas,
407 3019 526 3075 nondum
544 3020 693 3075 certamino
709 3018 800 3087 misus,
895 3028 934 3081 ΙΙ

83 3097 233 3154 Custodem
251 3096 288 3151 ad
305 3112 366 3151 sese
382 3096 564 3166 comitemque
579 3094 690 3166 ramni·
708 3092 761 3151 lut

84 3170 221 3245 Epytden
238 3176 325 3240 voest,
341 3175 372 3230 et
388 3170 472 3229 Adra
488 3172 528 3228 sio
543 3172 619 3229 stur
635 3168 673 3229 ael
