2032 3524
333 110 517 160 AENEIDOS
534 112 603 162 LIB.
622 114 672 162 IX.
886 107 933 152 ‘253

85 191 237 259 Contigerit
255 190 359 258 victori,
378 194 407 245 ct
423 192 542 260 praedae
560 194 651 247 dicere
669 199 785 248 sortem:

89 267 196 334 Vidisti,
214 281 268 334 quo
286 266 392 319 'sumus
410 284 488 335 equo,
507 269 606 337 quibus
623 269 682 323 ibat
699 269 727 322 in
744 268 826 321 armis

85 342 209 406 Aureus3
231 343 320 410 ipsum
338 342 421 411 illum,
440 344 556 412 clipeum
574 346 725 413 cristasque
743 343 868 396 rubentis
895 356 930 394 uo

85 417 225 486 Excipiam
245 419 319 486 sorti,
338 419 392 471 iam
410 437 481 473 nunc
498 424 547 474 tua
564 422 692 488 praemia,
712 420 787 474 Nise.

86 493 233 548 Praeterea
249 494 291 547 bis
310 511 358 547 sex
375 496 484 562 genitor
502 496 649 550 lectissima
667 500 787 549 matrum

84 570 206 639 Corpora
223 572 398 640 captivosque
416 572 501 638 dabit,
520 589 622 640 suaque
640 572 765 625 omnibus
783 584 872 633 arma3

85 647 202 716 Insuper
219 648 269 714 his,
288 648 376 716 campi
395 649 469 715 quod
487 666 536 702 rex
554 649 637 702 habet
655 649 712 717 ipse
731 648 852 702 Latinus.

84 723 122 777 'le
140 739 211 790 vcro,
230 740 291 776 mea
309 741 390 791 quem
408 725 505 793 spatiis
522 724 694 793 propioribus
712 728 787 777 aetus
895 739 930 779 ara

84 798 249 867 Insequitur,
268 800 421 853 venerande
439 817 514 868 puer,
532 801 586 853 iam
604 802 714 867 pectore
732 803 792 852 toto

84 875 196 942 Accipio
214 879 243 928 et
260 876 387 928 comitem
404 893 483 928 casus
500 876 655 942 conplector
673 875 701 926 in
719 875 813 927 omnis.

85 949 107 1002 N
112 950 166 1003 ulla
183 951 250 1003 meis
269 952 327 1003 sine
345 955 374 1004 te
393 955 539 1018 quaeretur
556 951 643 1017 gloria
660 950 758 1015 rebus;

84 1025 136 1078 Seu
156 1043 250 1094 pacem
269 1042 317 1078 seu
336 1026 407 1078 bella
424 1042 525 1092 geram,
544 1026 594 1078 tibi
612 1042 739 1078 maxuma
757 1041 849 1078 rerum

85 1100 293 1166 Verborumque
311 1101 386 1153 fides
423 1101 525 1153 Contra
543 1118 624 1168 quem
642 1101 708 1154 talia
725 1102 798 1155 fatur
893 1116 929 1154 aso

85 1175 229 1242 Euryalus:
255 1175 301 1228 Me
320 1176 394 1228 nulla
412 1176 472 1229 dies
489 1180 546 1229 tam
564 1176 681 1230 fortibus
699 1177 772 1229 ausis

84 1251 249 1303 Dissimilem
267 1251 404 1318 arguerit3
428 1256 534 1305 tantum
553 1253 661 1306 fortuna
679 1253 798 1306 secunda

86 1326 168 1380 Haud
187 1326 300 1380 adversa
318 1327 407 1382 cadat.
443 1328 499 1381 Sed
517 1332 545 1381 te
565 1346 647 1397 super
665 1329 754 1381 onmia
772 1328 844 1380 dona

84 1404 175 1457 Unum
193 1420 253 1457 oro:
277 1404 403 1471 genetrix
424 1405 525 1457 Priami
544 1405 579 1457 de
597 1409 680 1472 gente
697 1407 806 1457 vetusta

85 1481 134 1533 llst
151 1479 226 1542 mihi,
245 1497 326 1548 quarn
344 1481 472 1533 miseram
490 1482 579 1534 tenuit
597 1497 650 1533 non
669 1480 721 1533 llia
743 1479 823 1533 tellus
893 1495 928 1533 aas

84 1557 191 1609 Mecum
210 1556 394 1623 excedentem,
413 1573 466 1608 non
485 1558 592 1610 moenia
609 1557 681 1625 regis
700 1559 825 1610 Acestae.

85 1633 161 1685 Hauc
180 1649 229 1700 ego
248 1650 318 1686 nuuc
335 1633 457 1700 ignaram
475 1633 555 1686 huius
568 1634 759 1702 quodcumque
776 1633 871 1701 pericli
886 1637 928 1687 est

84 1709 171 1775 luquc
189 1710 335 1763 salutatam
353 1710 460 1778 iinquo;
484 1710 509 1762 N
512 1728 546 1762 ox
565 1714 594 1764 et
611 1714 660 1764 tua
677 1709 757 1763 testis

84 1784 212 1850 Dextera,
231 1785 305 1853 quod
323 1802 456 1853 nequeam
476 1786 600 1849 lecriuras
618 1788 740 1855 perferre
758 1786 886 1853 parentis.

85 1861 123 1912 At
141 1862 179 1925 tu,
197 1877 252 1927 oro,
271 1861 358 1913 solare
375 1861 491 1928 inopem,
509 1865 537 1915 ct
556 1879 682 1915 sirecnrre
700 1862 819 1915 relictae.
893 1877 929 1914 aso

85 1935 162 1987 llanc
179 1935 237 1988 sine
254 1952 298 1989 me
316 1952 392 2003 spem
410 1937 483 1989 ferre
501 1936 555 1991 tui:
579 1938 724 1990 audentior
741 1937 787 1990 ibo

85 2010 116 2061 lu
135 2026 214 2062 casus
231 2012 324 2064 omnis.
360 2011 493 2065 Percussa
510 2016 601 2064 mente
620 2012 722 2065 dedere

83 2084 257 2138 Dardanidae
274 2085 412 2149 lacrimas3
435 2090 499 2139 aute
517 2087 603 2138 omnis
620 2086 733 2153 pulcher
751 2086 834 2154 Iulus,

84 2163 178 2226 Atque
196 2160 316 2212 animum
334 2162 440 2229 patriae
459 2162 570 2214 strinxit
588 2162 702 2230 pietatis
720 2161 817 2227 imago.

83 2237 150 2287 'lum
170 2235 208 2289 sic
226 2235 336 2288 efflatur:
894 2253 928 2291 aua

83 2311 192 2379 Spoude
210 2310 294 2378 digna
311 2311 366 2363 tuis
383 2311 539 2378 ingentibus
558 2311 649 2364 omnia
666 2311 777 2378 coeptis.

85 2388 208 2454 Namque
227 2387 280 2440 erit
298 2385 352 2439 ista
369 2387 435 2439 mihi
452 2387 586 2453 genetrix,
604 2402 757 2454 nomenque
776 2385 894 2440 Creusae

83 2462 174 2514 Solum
193 2463 319 2528 defuerit,
337 2478 388 2514 nee
405 2467 513 2528 partum
531 2461 621 2528 gratia
638 2461 722 2514 talem

85 2533 290 2591 Parvamauet.
327 2537 413 2590 Casus
430 2536 533 2589 factum
552 2536 717 2604 quicumque
735 2541 892 2605 sequentur,

86 2614 136 2664 Por
154 2617 236 2680 caput
253 2614 304 2666 hoo
321 2612 389 2677 iuro,
408 2629 458 2678 por
476 2612 549 2678 quod
566 2615 646 2680 pater
663 2618 727 2666 ante
745 2613 863 2668 solebat:
892 2629 928 2667 sou

83 2688 158 2751 Quae
175 2688 227 2740 tibi
245 2687 373 2755 polliceor
390 2686 484 2738 reduci
502 2687 639 2755 rebusque
657 2688 788 2752 secundis,

83 2765 161 2816 llaec
178 2762 275 2815 eadem
293 2760 429 2825 matrique
447 2764 511 2812 tuae
529 2762 677 2828 generique
695 2763 852 2817 manebunt.

83 2839 127 2891 Sic
145 2838 184 2890 ait
202 2836 388 2897 inlacrimans;
411 2834 523 2886 humero
543 2836 622 2888 simul
641 2836 718 2890 exuit
735 2853 836 2906 ensem,

83 2915 227 2976 Auratum,
247 2911 315 2963 mira
333 2925 414 2977 quem
432 2910 534 2964 fecerat
552 2915 612 2964 arte
631 2912 737 2979 Lycaon

83 2990 199 3043 Gnosius
217 2991 300 3056 atquc
318 2984 437 3038 habilem
455 2987 552 3053 vagina
570 2990 679 3054 aptarat
697 2986 807 3041 eburna
893 3004 928 3046 sos

83 3067 139 3119 Dat
157 3066 182 3118 N
185 3065 225 3118 iso
243 3061 405 3116 Mnestheus
423 3062 521 3131 pellem
540 3063 731 3131 horrentisque
749 3063 835 3118 leonis

82 3142 215 3205 Eretriam
237 3140 343 3212 galeam
362 3137 434 3196 fidus
450 3145 591 3210 permutat
610 3139 714 3197 Aletes.
