2032 3524
340 112 521 162 AENEIDOS
543 113 612 162 LIB.
639 114 689 162 ΙΙΙ,
896 118 940 168 137

92 195 175 251 Haud
194 210 278 260 mora,
296 193 423 247 continuo
441 193 570 262 perfectis
588 194 683 247 ordine
701 194 778 259 votis,

90 272 200 326 Cornua
217 271 367 323 velatarum
386 268 554 322 obvertimus
573 274 761 337 antennarum,

90 348 329 414 Graiugenumque
342 345 436 399 domes
448 349 629 414 suspectaque
642 347 787 415 linquimus
799 363 870 401 arva
905 361 942 400 tes

90 424 163 477 Hine
180 423 255 475 sinus
276 421 411 487 Herculei,
431 422 454 473 si
472 438 536 473 vera
555 426 598 474 est
616 422 694 485 fama,
714 423 824 476 'furenti

90 500 231 562 Cernitur;
250 497 352 550 attollit
371 513 400 549 se
420 496 482 549 diva
502 497 612 550 Lacinia
630 503 730 562 eontra,

90 575 271 641 Caulonisque
288 590 363 625 arces
383 576 412 625 et
431 573 600 640 navifragum
619 574 782 642 Scylaceum.

90 652 158 703 'lum
176 650 268 718 procul
288 667 303 702 c
321 649 406 702 fluctu
426 650 564 702 Trinacria
582 651 703 706 cernitur
722 653 819 717 Aetna,
984 713 986 716 ,

90 728 125 781 lit
143 727 274 794 gannitum
293 726 432 792 ingentem
454 725 543 793 pelagi
563 726 725 794 pulsataque
743 744 808 781 saxa
905 743 941 782 sue

92 803 226 856 Audimus
244 801 324 869 longo
342 801 498 869 fractasque
517 801 552 854 ad
571 801 652 855 litora
670 818 756 868 voees,

93 880 290 945 Exsultantque
309 877 384 943 vada,
403 881 487 944 atque
505 881 583 930 aestu
601 878 748 931 miscentur
765 895 870 931 arenae.

90 955 125 1008 Et
142 959 222 1022 pater
243 953 387 1006 Anchises:
411 954 547 1005 Nimirum
567 952 634 1005 hace
651 953 698 1004 illa
716 953 880 1020 Charybdis:

91 1032 149 1084 llos
168 1031 290 1083 Helenus
309 1029 438 1095 scopulos,
457 1028 523 1079 haee
542 1044 607 1079 saxa
625 1028 761 1081 horrenda
778 1029 899 1084 canebat

92 1108 201 1174 Eripite,
220 1122 236 1156 e
253 1104 325 1169 socii,
343 1103 501 1170 pariterque
520 1103 652 1170 insurgite
670 1106 759 1161 remis.
904 1123 941 1162 seo

92 1181 175 1234 llaud
193 1180 281 1232 urinus
299 1195 330 1231 ae
348 1178 413 1230 iussi
432 1178 542 1243 faciunt,
564 1180 722 1248 primusque
740 1183 885 1237 rudentem

90 1256 228 1310 (hurtorsit
245 1255 336 1308 laevas
353 1270 462 1322 proram
483 1255 625 1308 Palinurus
643 1257 679 1309 ad
697 1258 799 1322 undas;

90 1334 207 1386 Laevam
227 1334 325 1384 cuneta
343 1330 439 1384 cohors
457 1332 539 1384 remis
559 1333 702 1400 ventisque
720 1336 824 1402 petivit.

89 1409 219 1463 Tollimur
236 1409 264 1460 in
283 1408 387 1460 eaelum
408 1410 518 1460 curvato
538 1408 653 1477 gurgite,
672 1415 701 1463 et
718 1412 791 1464 idom

89 1485 229 1541 Subducta
247 1483 283 1537 ad
301 1483 389 1537 Manis
407 1484 475 1536 imos
494 1483 649 1538 desedimus
667 1487 747 1541 unda.
903 1503 940 1543 oea

89 1564 142 1616 'l'er
160 1562 262 1630 scopuli
280 1561 426 1614 clamorem
444 1560 516 1614 inter
534 1577 600 1614 cara
618 1579 684 1615 saxa
701 1562 818 1619 dedere:

89 1640 142 1692 'fer
160 1654 283 1707 spumam
302 1637 395 1690 elisam
415 1639 444 1689 et
461 1637 583 1690 rorantia
601 1637 717 1692 vidimus
735 1645 817 1693 astra.

90 1716 201 1768 Interea
218 1715 303 1767 fessos
321 1718 418 1766 ventus
437 1729 498 1765 eum
517 1713 572 1765 sele
590 1714 709 1781 reliquit,

90 1792 237 1860 ignarique
254 1791 314 1843 viae
332 1789 476 1857 Cyclopum
494 1789 647 1842 adlabimur
665 1791 726 1844 eris.
809 1816 812 1823 ·

126 1869 223 1920 Portus
236 1866 271 1918 ab
283 1882 393 1918 accessu
403 1868 546 1918 ventorum
560 1866 679 1918 inmotus
691 1871 720 1921 et
731 1869 826 1936 iugens
903 1884 940 1925 570

91 1944 168 2010 lpse,
187 1943 236 1995 scd
254 1940 386 1992 horrificis
404 1941 481 1993 iuxta
499 1944 577 1993 tonat
595 1943 689 2000 Aetna
707 1945 799 2008 ruinis,

91 2018 290 2090 Interdumque
308 2018 396 2066 atram
414 2016 567 2081 prorumpit
585 2016 621 2067 ad
638 2018 750 2070 aethera
769 2019 876 2087 nubem,

90 2093 209 2146 Turbine
227 2091 377 2143 fumantem
395 2089 472 2155 piceo
490 2092 519 2141 et
537 2090 671 2143 candente
689 2091 786 2159 favilla,

93 2168 259 2235 Attollitque
277 2164 371 2232 globos
390 2164 558 2216 flarrnmarum
577 2169 606 2218 et
624 2165 715 2218 sidera
732 2167 842 2233 lambit3

93 2243 236 2297 luter-dum
255 2240 379 2309 scopulos
396 2240 541 2307 avolsaque
560 2241 663 2294 viscera
681 2244 781 2297 montis
905 2260 941 2300 ers

92 2320 179 2386 Erigit
198 2322 331 2381 eructans,
350 2317 551 2385 liquefactaque
571 2333 636 2370 saxa
654 2317 704 2370 sub
722 2336 801 2374 auras

91 2397 158 2449 Cum
177 2394 282 2463 gemitu
300 2396 441 2462 glomerat,
461 2389 605 2462 fundoque¹
620 2399 763 2449 exaestuat
780 2397 842 2451 imo.

94 2473 175 2525 llama
193 2475 237 2526 est
256 2470 386 2524 Enceladi
405 2470 566 2524 semiustum
585 2470 698 2525 fulmine
715 2489 813 2540 eorpus

93 2550 209 2616 lli-gueri
228 2548 298 2602 mele
316 2548 374 2614 hac,
393 2548 586 2615 ingentemque
604 2548 714 2616 insuper
733 2553 854 2604 Aetnam

94 2625 242 2692 inpositam
259 2625 347 2692 ruptis
367 2624 503 2677 flanrmam
524 2624 663 2693 exspirare
681 2627 806 2690 caminis;
904 2640 941 2678 sse

93 2702 128 2753 Et
147 2701 247 2753 fessum
265 2701 391 2768 quotiens
408 2703 499 2754 mutet
517 2700 596 2767 latus,
615 2702 762 2755 intremere
780 2719 888 2754 onmem

93 2777 233 2829 Murmure
251 2776 423 2843 Trinacriam,
442 2779 471 2830 et
489 2777 593 2830 eaelum
613 2776 759 2836 subtexere
776 2778 857 2830 fumo.

95 2853 208 2903 h'oetem
225 2852 299 2904 illam
317 2853 384 2905 teeti
403 2853 477 2906 silvis
494 2853 612 2905 inmania
630 2857 751 2907 monstra

95 2928 264 2994 l'erferimus,
282 2943 339 2994 nec,
359 2944 429 2995 quas
448 2930 565 2981 sonitum
585 2929 634 2981 det
652 2945 753 2994 caussa,
772 2928 901 2981 videmus.

92 3005 116 3056 N
118 3000 165 3058 arn
175 3021 264 3073 neque
276 3007 355 3057 erant
366 3008 501 3058 astrorum
513 3006 597 3072 ignes,
606 3021 656 3058 nec
667 3004 773 3062 lucidus
785 3003 882 3058 aethra
904 3017 942 3058 ese

91 3081 204 3134 Siderea
222 3080 308 3150 polus,
327 3080 441 3134 obscure
460 3081 511 3134 sed
528 3080 621 3134 nubila
639 3080 721 3147 caele,

92 3157 127 3210 llt
146 3157 251 3210 Lunam
268 3157 296 3210 in
313 3156 406 3210 nimbo
422 3173 476 3210 nox
493 3156 660 3225 intempesta
676 3154 797 3210 tenebat
