2032 3524
99 118 145 167 258
335 114 364 162 P.
385 114 537 162 VERGILI
554 114 719 163 maneam*

99 197 220 266 Quisque
238 212 308 263 suas,
325 195 462 264 variisque
480 200 582 250 acuunt
599 197 754 250 rumoribus
770 199 832 252 iras

99 276 170 337 Quin
189 274 249 342 ipsa
266 272 472 326 arrectis-visu
490 272 707 326 miserabile-in
725 273 812 328 liastis
910 289 948 329 m

101 350 258 417 l'racfrgunt
276 349 367 416 capita
385 352 413 401 ct
431 348 517 401 multo
535 348 651 401 clamore
670 353 820 418 sequuntur

99 425 209 493 Euryali
228 431 257 478 ct
276 424 343 477 Nisi.

101 502 246 554 tarnadae
265 500 326 553 duri
346 517 483 552 murorum
502 500 529 552 in
546 505 626 568 parte
644 501 753 554 sinistra

99 582 257 645 [inqu-‚sucre
275 577 466 636 nciam—nani
486 575 601 629 dextera
619 576 736 643 cingitur
753 576 863 629 amni-

101 654 278 721 lngentiaque
296 655 392 704 tenent
411 652 503 717 fessas,
522 656 552 704 et
568 651 691 704 turribus
708 650 770 705 altis
909 667 948 708 ⁴7⁰

99 732 180 781 Stant
198 729 311 792 nracsti;
335 728 414 779 simul
434 744 481 779 ora
498 728 586 779 virum
604 727 727 795 praefixa
743 727 899 795 movebant,

100 804 172 857 Nota
190 804 271 855 nimis
290 804 396 856 irriseris
414 807 529 870 atroque
547 802 660 855 iluentia
676 801 748 855 tabo.

134 881 245 933 Interea
262 880 389 948 pavidam
408 879 524 931 volitans
542 883 661 947 pennata
677 896 727 947 per
743 879 840 933 urbem

100 957 202 1009 Neritia
222 956 306 1009 Fama
324 956 386 1019 ruit,
405 955 555 1022 matrisque
572 955 711 1008 adlabitur
728 956 801 1009 auris

101 1033 215 1100 Euryali.
252 1033 292 1085 At
309 1032 416 1084 subitus
434 1031 548 1083 miserae
566 1031 639 1083 calor
657 1048 716 1083 ossa
734 1030 859 1099 reliquit;
908 1048 948 1088 ⁴⁷6

102 1108 211 1160 Excussi
230 1108 354 1161 inanibus
372 1107 449 1167 radii,
467 1106 643 1174 revolutaque
660 1123 751 1175 pensa

101 1184 195 1236 llvolat
214 1184 315 1247 infelix,
333 1187 362 1235 ct
380 1183 495 1234 lemine)
512 1181 624 1248 ululatu,

99 1260 188 1311 Scissa
206 1276 316 1323 comam,
335 1274 427 1311 muros
444 1274 538 1310 arncns
555 1262 639 1324 atque
656 1258 764 1325 agnnina
781 1275 863 1313 cursu

102 1335 191 1388 l‘rirna
208 1336 287 1403 petit,
305 1351 358 1386 neu
377 1334 422 1386 illa
441 1334 535 1397 virum,
553 1349 605 1385 non
624 1333 669 1385 illa
686 1334 782 1401 pericli

101 1412 278 1478 'l'clorunrque
295 1426 413 1473 rnernor;
437 1409 541 1461 caelum
560 1409 658 1462 debinc
676 1409 819 1477 questibus
835 1410 938 1479 inplet:

102 1488 181 1539 llnnc
200 1503 249 1553 ego
267 1489 303 1552 te,
323 1485 445 1552 Euryale,
463 1485 582 1552 aspiciet
607 1489 672 1538 tune
689 1485 734 1538 ille
752 1490 880 1541 senectae

101 1565 166 1615 Sora
184 1579 261 1615 rneac
279 1562 394 1629 requies,
414 1561 525 1628 potuisti
544 1561 667 1628 linquere
687 1562 777 1627 selam,

101 1638 241 1690 l'rndelisl
266 1654 315 1690 nec
333 1641 368 1703 tc,
387 1637 437 1690 sub
456 1640 533 1689 tanta
550 1636 670 1703 pericula
687 1637 807 1706 missum,

103 1713 197 1765 Arlfari
216 1719 368 1766 extremum
387 1714 502 1765 miserae
521 1711 587 1764 data
605 1712 682 1780 copia
699 1713 797 1767 metrii

92 1789 170 1854 lieu,
189 1794 263 1841 terra
281 1789 373 1855 ignota
391 1788 502 1841 canibus
520 1787 584 1840 date
602 1789 704 1856 praeda
721 1788 828 1842 Latinis
908 1804 948 1845 sss

102 1865 276 1932 alitibusque
294 1865 376 1917 iaces!
402 1880 451 1916 nec
469 1868 497 1916 te
516 1869 564 1916 tua
580 1863 676 1917 funcra
693 1866 782 1917 mater

102 1941 227 2003 Produxi,
246 1941 367 2008 pressive
383 1939 481 2005 omlos,
500 1944 548 1993 aut
565 1939 674 1993 volnera
691 1940 752 2006 lavi,

101 2016 186 2069 Veste
205 2022 306 2084 tegern,
325 2016 375 2069 tibi
394 2032 475 2084 quam
493 2019 586 2068 noctes
603 2015 703 2068 festina
720 2015 835 2085 diesque

102 2093 258 2159 Urguebam
277 2097 306 2145 et
324 2092 378 2144 tela
396 2107 473 2144 curas
491 2090 597 2143 solabar
614 2090 699 2144 anilis.

102 2172 160 2230 (liro
182 2170 297 2235 sequarl
322 2171 369 2221 aut
388 2183 457 2235 quae
475 2183 546 2218 nunc
564 2169 641 2219 artus
659 2166 804 2234 avolsaque
820 2166 949 2225 membre

103 2245 137 2296 lit
154 2245 235 2297 funus
252 2244 371 2296 lacerum
389 2243 471 2295 tellus
490 2241 590 2295 habeti
615 2242 675 2295 IIoc
693 2241 759 2294 mihi
777 2241 814 2295 de
830 2245 869 2311 te,

101 2321 124 2371 N
128 2325 181 2384 ate,
201 2320 301 2372 refers'l
325 2319 375 2371 hoc
394 2334 452 2370 sum
470 2321 598 2385 terraque
616 2318 740 2385 marique
757 2318 868 2373 secutel

104 2396 191 2462 Figite
208 2412 259 2461 mc,
279 2395 301 2446 si
319 2410 373 2461 qua
391 2397 434 2447 est
451 2393 545 2461 pietas,
563 2393 590 2445 in
608 2409 653 2445 me
670 2392 760 2445 omnia
776 2392 835 2447 tela

101 2471 241 2536 Ooniicite,
260 2487 276 2522 o
295 2470 400 2533 Rutuli,
418 2485 462 2521 nie
480 2469 596 2537 primam
615 2468 750 2522 absumite
767 2468 856 2535 ferm

105 2550 161 2599 Aut
179 2551 217 2612 tu,
236 2562 333 2612 magne
352 2544 548 2612 ostenduam,
566 2544 702 2609 miserere,
721 2547 824 2612 tueque
911 2560 952 2603 u

104 2621 223 2673 invisum
241 2619 292 2673 hec
310 2620 427 2673 detrude
444 2624 526 2686 caput
544 2619 594 2672 sub
613 2618 727 2672 Tartara
743 2618 807 2687 telo,

102 2696 216 2760 Quande
234 2692 314 2748 alitc'r
332 2711 438 2762 nequeo
456 2694 594 2746 crudelem
613 2694 776 2763 abrumpere
792 2694 888 2751 uam.

105 2774 163 2825 lloc
181 2773 248 2824 fletu
265 2771 387 2824 concussi
405 2769 495 2836 animi,
514 2774 688 2838 maestusque
704 2786 755 2837 per
772 2770 864 2825 omnis

107 2850 131 2901 lt
148 2848 281 2915 gemitus;
305 2849 415 2913 torpent
432 2845 564 2898 infractae
581 2846 617 2898 ad
634 2845 737 2913 proclia
754 2845 836 2901 vires.

107 2924 182 2977 lllam
200 2922 388 2976 incendentem
406 2921 496 2973 luctus
515 2920 615 2974 Idaeus
633 2925 662 2974 et
680 2922 768 2974 Actor

106 2999 200 3051 llionei
217 2999 321 3051 monitu
339 3000 368 3050 ct
384 2997 500 3049 multum
515 2996 682 3050 lacrimantis
701 2995 754 3049 Iuli

103 3073 270 3143 Corripirmt,
282 3073 408 3141 interque
426 3088 521 3124 manus
540 3072 591 3125 sub
608 3076 683 3126 tecta
699 3075 845 3141 reponunt

143 3152 181 3205 st
195 3149 265 3207 tuba
280 3149 433 3204 terribilem
452 3149 570 3202 sonitum
587 3149 682 3217 procul
698 3164 763 3203 aere
780 3164 884 3207 enuere
