2032 3524
76 120 122 167 sss
302 117 331 162 P.
350 113 504 163 VERGILI
522 112 688 161 MAROXIS

79 198 137 249 linc
155 203 248 250 tamen
265 194 361 247 infelix
379 195 506 248 miseram
524 192 648 247 solabere
666 196 797 248 irrortem:

79 276 188 325 Aeneae
205 272 296 339 magni
316 271 415 324 dextra
431 271 514 325 endis.
551 272 681 337 Increpat
698 270 772 323 rdtro
887 283 924 323 w

76 350 237 401 t'unetmrtis
255 350 348 409 arcies,
366 358 396 401 et
413 358 489 401 terra
506 347 630 401 subierat
648 347 744 414 ipsum,

77 426 212 493 Sanguine
230 433 387 492 turpantem
406 431 528 492 comptus
546 424 582 476 de
599 440 675 477 nnnc
692 423 810 491 serpillus

114 501 222 554 interea
238 502 346 569 genitur
364 500 484 553 Tiberini
501 500 537 553 ad
555 500 674 553 fluminis
690 500 794 552 unctam

79 577 195 629 Vulnera
213 576 331 630 siccabat
349 578 474 646 iunipiris,
491 594 644 645 sumusque
661 575 771 629 levabat

80 653 194 706 ,irimris
211 653 325 705 arietinis
343 662 445 706 tumen
485 653 582 706 Procul
599 669 681 706 aerea
691 652 775 705 tauris
889 664 924 703 aa

80 730 222 795 Dependet
239 730 324 797 mileu,
342 736 371 783 et
388 739 468 798 pnite
485 730 579 798 amuis
596 746 673 782 arma
690 729 842 796 quiescunt

78 809 158 857 saun
175 806 239 859 tecti
258 807 361 859 cireum
379 808 506 869 iuvenem
529 807 588 874 ipse
605 822 694 873 aeger,
712 805 850 871 sudreiam,

78 882 153 933 t'ctla
171 882 252 947 fm'et,
271 882 347 934 fusus
365 899 512 951 propexam
531 883 559 934 in
576 886 687 950 pectere
705 880 833 944 barbanu

78 957 166 1009 Multa
184 975 265 1025 super
285 959 374 1011 Lauso
393 958 501 1024 regitat,
527 958 681 1026 multosque
698 957 824 1019 remittit,

79 1035 130 1096 Qui
150 1039 283 1099 remeent,
303 1036 454 1102 incestique
473 1035 562 1086 ferunt
579 1033 709 1087 mandatu
725 1033 857 1101 quentia
890 1045 927 1084 afa

81 1112 120 1162 m
142 1111 257 1163 {nusum
277 1111 340 1163 sneii
359 1111 511 1163 exanimem
530 1126 613 1177 super
629 1126 705 1162 arma
722 1108 850 1162 ferebant

81 1185 199 1249 fientes,
219 1188 354 1253 ingentem
374 1192 457 1255 atquc
473 1186 578 1253 ingenti
596 1186 705 1239 volnere
723 1186 832 1238 rictum.

81 1262 219 1323 nummis
237 1263 316 1330 iunge
334 1263 466 1330 gemitum
485 1278 618 1330 praesaga
634 1261 699 1314 mali
716 1278 800 1315 mena

80 1338 212 1390 Canitiem
232 1339 318 1391 inulte
336 1338 472 1391 deformat
489 1338 608 1406 pulvere,
626 1342 657 1391 et
673 1337 768 1390 ambas

81 1413 125 1465 nd
144 1414 248 1466 euelmn
267 1414 358 1467 tendit
375 1414 485 1481 palmas,
506 1417 535 1466 et
553 1430 667 1482 corpere
684 1412 818 1467 inhaeret.
892 1428 929 1466 816

80 1489 200 1541 'i'nntune
219 1506 262 1542 mc
280 1491 369 1543 tenuit
387 1490 504 1549 risendi,
522 1494 593 1555 nate,
611 1489 743 1556 voluptas,

83 1565 119 1616 m
136 1580 186 1631 pre
204 1582 247 1617 me
266 1566 356 1617 hostili
375 1570 484 1632 paterer
502 1566 647 1618 succedere
665 1564 787 1632 dextrae,

81 1642 166 1704 Quem
185 1641 283 1706 genui?
309 1641 400 1693 Tuane
418 1640 484 1693 haec
502 1642 609 1707 genitor
627 1657 676 1708 per
694 1641 805 1694 volnera
821 1656 924 1703 server,

82 1716 171 1768 Marte
191 1722 238 1768 tun
257 1717 368 1769 visensi
394 1717 465 1780 ficu,
484 1733 555 1769 nunc
573 1717 672 1769 misere
690 1717 757 1769 mihi
775 1716 887 1769 denium

83 1793 211 1844 iixsiiium
231 1792 338 1844 infelix!
358 1808 428 1844 nunc
446 1793 502 1845 alte
521 1792 617 1845 volnus
634 1792 776 1845 adactum!
893 1804 931 1845 sao

85 1868 160 1919 idem
179 1874 327 1934 egc,1mte,
346 1872 424 1920 tuum
443 1868 573 1921 maculari
590 1869 703 1921 crimine
720 1884 827 1935 nomen,

84 1943 178 1994 Pulsus
197 1943 231 1994 nb
250 1943 381 1995 invidiam
400 1943 466 1995 solio
485 1944 657 2012 sceptrisque
673 1944 805 2012 paternis.

85 2019 236 2071 imbueretur
255 2021 361 2087 patriae
378 2035 481 2086 peenas
500 2018 624 2087 odiisque
642 2036 779 2073 meorum:

82 2096 176 2147 (tumis
193 2113 242 2162 per
260 2096 355 2149 mertis
373 2096 490 2148 unimam
508 2100 614 2148 sentem
632 2095 691 2163 ipsc
709 2095 861 2151 dedissem!

83 2172 105 2223 N
110 2189 160 2223 nnc
174 2172 241 2238 vise,
256 2189 344 2239 neque
356 2170 445 2224 adhuc
457 2171 580 2224 homines
591 2172 735 2237 lucemque
746 2172 879 2241 relinquo.
893 2188 930 2228 8⁵⁵

82 2247 136 2300 Sed
154 2248 285 2315 linquam.
311 2247 397 2300 Simul
415 2246 465 2299 hcc
483 2246 576 2299 dicens
594 2247 697 2300 attollit
713 2247 742 2300 iu
759 2263 873 2315 aegrum

82 2325 117 2375 Sc
136 2324 231 2387 femur,
250 2330 286 2389 et,
307 2339 471 2391 quamquam
490 2323 529 2375 ris
547 2322 604 2376 alto
621 2322 731 2376 volnere
747 2324 851 2391 tardat,

85 2398 166 2450 liaud
185 2398 306 2452 deiectus
325 2415 425 2465 equum
443 2398 505 2451 duci
523 2399 609 2452 iubet.
634 2399 695 2452 Hoc
713 2399 797 2453 decus
812 2400 861 2467 illi,

84 2475 143 2527 llec
161 2473 280 2527 silanion
299 2480 372 2537 erat;
391 2474 469 2527 bellis
488 2474 539 2527 hoc
556 2475 643 2527 rictam
660 2475 755 2528 abibat

83 2550 221 2602 Omnibus.
247 2551 415 2617 Adloquitur
433 2555 609 2617 inserentem,
628 2556 657 2604 et
674 2551 776 2605 talibus
793 2551 869 2607 infit:
894 2566 929 2605 sau

86 2625 203 2691 ltlmebc,
221 2626 276 2692 diu,
295 2642 339 2678 res
357 2626 379 2678 si
398 2643 452 2693 qua
471 2626 518 2678 diu
536 2626 697 2679 mortaiibus
715 2626 772 2679 ulla
788 2630 839 2695 cst,

85 2701 216 2755 Viximus.
249 2704 308 2755 Aut
326 2702 408 2754 hodie
426 2703 513 2755 victer
531 2702 616 2769 spolia
633 2702 680 2754 iila
697 2704 811 2757 cruenta

85 2778 119 2830 m
137 2781 219 2845 eaput
239 2780 347 2831 Aeneam
365 2778 474 2843 referes,
494 2778 630 2845 Lausique
648 2778 772 2831 dolorum

85 2854 164 2906 Ultor
182 2855 236 2906 eris
253 2871 366 2919 mecum,
385 2859 440 2920 aut,
459 2854 548 2922 aperit
566 2855 588 2906 si
607 2854 680 2908 nulla
696 2854 769 2908 viam
785 2855 834 2919 vis,

84 2929 235 2982 Occumbes
252 2931 371 2998 pariter;
393 2948 481 2997 neque
500 2931 579 2996 enim,
597 2932 751 2998 fortissime,
768 2930 861 2998 crede,
894 2944 931 2983 su

84 3004 162 3057 Iussu
180 3006 269 3059 aliena
286 3006 344 3074 pati
363 3009 392 3059 et
410 3006 532 3058 dominos
551 3006 698 3074 dignabere
716 3007 841 3061 Teucros.

84 3079 170 3144 uixit,
189 3085 218 3134 et
236 3085 367 3148 exceptus
385 3086 463 3148 terge
481 3087 610 3135 consueta
627 3083 725 3137 locavit

85 3154 217 3222 Membra,
235 3173 385 3223 rmnmsquc
403 3157 497 3210 ambus
515 3156 608 3211 iaculis
626 3158 749 3213 enerravit
766 3160 862 3225 ueritis,
