<?xml version="1.0" encoding="UTF-8"?>
<!DOCTYPE html PUBLIC "-//W3C//DTD XHTML 1.0 Transitional//EN"
    "http://www.w3.org/TR/xhtml1/DTD/xhtml1-transitional.dtd">
<html xmlns="http://www.w3.org/1999/xhtml" xml:lang="en" lang="en">
 <head>
  <title>
</title>
<meta http-equiv="Content-Type" content="text/html;charset=utf-8" />
  <meta name='ocr-system' content='tesseract 3.04.00' />
  <meta name='ocr-capabilities' content='ocr_page ocr_carea ocr_par ocr_line ocrx_word'/>
</head>
<body>
  <div class='ocr_page' id='page_1' title='image "./publivergilimar01virggoog/publivergilimar01virggoog_0162.png"; bbox 0 0 2032 3524; ppageno 0'>
   <div class='ocr_carea' id='block_1_1' title="bbox 339 118 931 170">
    <p class='ocr_par' dir='ltr' id='par_1_1' title="bbox 339 118 931 170">
     <span class='ocr_line' id='line_1_1' title="bbox 339 118 931 170; baseline 0.003 -5"><span class='ocrx_word' id='word_1_1' title='bbox 339 118 520 167; x_wconf 82' lang='lat' dir='ltr'><strong>AENEIDOS</strong></span> <span class='ocrx_word' id='word_1_2' title='bbox 539 119 608 170; x_wconf 92' lang='lat' dir='ltr'><strong>LIB.</strong></span> <span class='ocrx_word' id='word_1_3' title='bbox 628 119 676 167; x_wconf 90' lang='lat' dir='ltr'>IV.</span> <span class='ocrx_word' id='word_1_4' title='bbox 704 160 709 170; x_wconf 81' lang='grc'><strong>,</strong></span> <span class='ocrx_word' id='word_1_5' title='bbox 884 121 931 167; x_wconf 81' lang='grc'>149</span> 
     </span>
    </p>
   </div>
   <div class='ocr_carea' id='block_1_2' title="bbox 77 199 936 3219">
    <p class='ocr_par' dir='ltr' id='par_1_2' title="bbox 78 199 933 345">
     <span class='ocr_line' id='line_1_2' title="bbox 80 199 933 270; baseline -0.006 -13"><span class='ocrx_word' id='word_1_6' title='bbox 80 203 142 269; x_wconf 78' lang='lat' dir='ltr'>lpse</span> <span class='ocrx_word' id='word_1_7' title='bbox 160 201 227 254; x_wconf 85' lang='lat' dir='ltr'>hacc</span> <span class='ocrx_word' id='word_1_8' title='bbox 243 201 316 254; x_wconf 90' lang='lat' dir='ltr'>ferre</span> <span class='ocrx_word' id='word_1_9' title='bbox 333 199 411 254; x_wconf 87' lang='lat' dir='ltr'>iubet</span> <span class='ocrx_word' id='word_1_10' title='bbox 428 201 524 253; x_wconf 89' lang='lat' dir='ltr'>celeris</span> <span class='ocrx_word' id='word_1_11' title='bbox 542 200 672 255; x_wconf 88' lang='lat' dir='ltr'>mandata</span> <span class='ocrx_word' id='word_1_12' title='bbox 689 218 739 270; x_wconf 90' lang='lat' dir='ltr'>per</span> <span class='ocrx_word' id='word_1_13' title='bbox 756 217 850 255; x_wconf 87' lang='lat' dir='ltr'>auras:</span> <span class='ocrx_word' id='word_1_14' title='bbox 896 212 933 254; x_wconf 73' lang='lat' dir='ltr'>ale</span> 
     </span>
     <span class='ocr_line' id='line_1_3' title="bbox 78 276 873 345; baseline 0.003 -15"><span class='ocrx_word' id='word_1_15' title='bbox 78 278 150 341; x_wconf 80' lang='lat' dir='ltr'>Quid</span> <span class='ocrx_word' id='word_1_16' title='bbox 168 277 266 330; x_wconf 85' lang='lat' dir='ltr'>struisl</span> <span class='ocrx_word' id='word_1_17' title='bbox 286 280 333 330; x_wconf 85' lang='lat' dir='ltr'>aut</span> <span class='ocrx_word' id='word_1_18' title='bbox 351 293 406 345; x_wconf 87' lang='lat' dir='ltr'>qua</span> <span class='ocrx_word' id='word_1_19' title='bbox 424 293 472 345; x_wconf 91' lang='lat' dir='ltr'>spe</span> <span class='ocrx_word' id='word_1_20' title='bbox 491 276 597 343; x_wconf 74' lang='lat' dir='ltr'>Libycis</span> <span class='ocrx_word' id='word_1_21' title='bbox 614 279 682 330; x_wconf 88' lang='lat' dir='ltr'>teris</span> <span class='ocrx_word' id='word_1_22' title='bbox 700 279 757 332; x_wconf 87' lang='lat' dir='ltr'>otia</span> <span class='ocrx_word' id='word_1_23' title='bbox 774 277 873 332; x_wconf 78' lang='lat' dir='ltr'>terrisl</span> 
     </span>
    </p>

    <p class='ocr_par' dir='ltr' id='par_1_3' title="bbox 78 353 725 420">
     <span class='ocr_line' id='line_1_4' title="bbox 78 353 725 420; baseline 0.002 -14"><span class='ocrx_word' id='word_1_24' title='bbox 78 353 105 406; x_wconf 88' lang='lat' dir='ltr'>si</span> <span class='ocrx_word' id='word_1_25' title='bbox 124 357 152 406; x_wconf 92' lang='lat' dir='ltr'>to</span> <span class='ocrx_word' id='word_1_26' title='bbox 169 353 243 405; x_wconf 90' lang='lat' dir='ltr'>nulla</span> <span class='ocrx_word' id='word_1_27' title='bbox 260 357 352 407; x_wconf 89' lang='lat' dir='ltr'>movet</span> <span class='ocrx_word' id='word_1_28' title='bbox 370 357 508 406; x_wconf 90' lang='lat' dir='ltr'>tantarum</span> <span class='ocrx_word' id='word_1_29' title='bbox 527 353 613 420; x_wconf 82' lang='lat' dir='ltr'>gloria</span> <span class='ocrx_word' id='word_1_30' title='bbox 632 371 725 407; x_wconf 91' lang='lat' dir='ltr'>rerum</span> 
     </span>
    </p>

    <p class='ocr_par' dir='ltr' id='par_1_4' title="bbox 79 429 742 498">
     <span class='ocr_line' id='line_1_5' title="bbox 79 429 742 498; baseline 0 -16"><span class='ocrx_word' id='word_1_31' title='bbox 79 429 136 482; x_wconf 88' lang='lat' dir='ltr'>Nec</span> <span class='ocrx_word' id='word_1_32' title='bbox 155 446 235 496; x_wconf 87' lang='lat' dir='ltr'>super</span> <span class='ocrx_word' id='word_1_33' title='bbox 252 430 311 498; x_wconf 91' lang='lat' dir='ltr'>ipsc</span> <span class='ocrx_word' id='word_1_34' title='bbox 329 434 378 483; x_wconf 89' lang='lat' dir='ltr'>tua</span> <span class='ocrx_word' id='word_1_35' title='bbox 395 430 498 482; x_wconf 87' lang='lat' dir='ltr'>moliris</span> <span class='ocrx_word' id='word_1_36' title='bbox 516 429 598 482; x_wconf 87' lang='lat' dir='ltr'>laudo</span> <span class='ocrx_word' id='word_1_37' title='bbox 616 431 742 498; x_wconf 85' lang='lat' dir='ltr'>laborem,</span> 
     </span>
    </p>

    <p class='ocr_par' dir='ltr' id='par_1_5' title="bbox 78 505 727 574">
     <span class='ocr_line' id='line_1_6' title="bbox 78 505 727 574; baseline 0.002 -16"><span class='ocrx_word' id='word_1_38' title='bbox 78 507 224 558; x_wconf 80' lang='lat' dir='ltr'>Ascanium</span> <span class='ocrx_word' id='word_1_39' title='bbox 243 510 400 573; x_wconf 79' lang='lat' dir='ltr'>surgentem</span> <span class='ocrx_word' id='word_1_40' title='bbox 419 509 448 558; x_wconf 91' lang='lat' dir='ltr'>et</span> <span class='ocrx_word' id='word_1_41' title='bbox 466 523 528 574; x_wconf 87' lang='lat' dir='ltr'>spes</span> <span class='ocrx_word' id='word_1_42' title='bbox 545 505 654 559; x_wconf 89' lang='lat' dir='ltr'>heredis</span> <span class='ocrx_word' id='word_1_43' title='bbox 673 507 727 560; x_wconf 91' lang='lat' dir='ltr'>Iuli</span> 
     </span>
    </p>

    <p class='ocr_par' dir='ltr' id='par_1_6' title="bbox 78 581 934 725">
     <span class='ocr_line' id='line_1_7' title="bbox 79 581 934 651; baseline 0.002 -17"><span class='ocrx_word' id='word_1_44' title='bbox 79 583 202 650; x_wconf 87' lang='lat' dir='ltr'>Respice,</span> <span class='ocrx_word' id='word_1_45' title='bbox 222 583 264 635; x_wconf 89' lang='lat' dir='ltr'>eui</span> <span class='ocrx_word' id='word_1_46' title='bbox 282 599 396 648; x_wconf 80' lang='lat' dir='ltr'>regnum</span> <span class='ocrx_word' id='word_1_47' title='bbox 416 582 514 634; x_wconf 87' lang='lat' dir='ltr'>Italiae</span> <span class='ocrx_word' id='word_1_48' title='bbox 533 581 710 651; x_wconf 85' lang='lat' dir='ltr'>Romanaque</span> <span class='ocrx_word' id='word_1_49' title='bbox 728 583 810 637; x_wconf 89' lang='lat' dir='ltr'>tellus</span> <span class='ocrx_word' id='word_1_50' title='bbox 897 596 934 636; x_wconf 80' lang='lat'>275</span> 
     </span>
     <span class='ocr_line' id='line_1_8' title="bbox 78 657 665 725; baseline 0.003 -15"><span class='ocrx_word' id='word_1_51' title='bbox 78 658 226 710; x_wconf 87' lang='lat' dir='ltr'>Debentur.</span> <span class='ocrx_word' id='word_1_52' title='bbox 263 658 320 710; x_wconf 89' lang='lat' dir='ltr'>Tali</span> <span class='ocrx_word' id='word_1_53' title='bbox 341 657 476 725; x_wconf 82' lang='lat' dir='ltr'>Cyllenius</span> <span class='ocrx_word' id='word_1_54' title='bbox 493 674 541 710; x_wconf 87' lang='lat' dir='ltr'>ore</span> <span class='ocrx_word' id='word_1_55' title='bbox 559 657 665 712; x_wconf 91' lang='lat' dir='ltr'>locutus</span> 
     </span>
    </p>

    <p class='ocr_par' dir='ltr' id='par_1_7' title="bbox 77 733 678 802">
     <span class='ocr_line' id='line_1_9' title="bbox 77 733 678 802; baseline 0.003 -16"><span class='ocrx_word' id='word_1_56' title='bbox 77 733 201 786; x_wconf 89' lang='lat' dir='ltr'>Mortalis</span> <span class='ocrx_word' id='word_1_57' title='bbox 220 734 292 787; x_wconf 85' lang='lat' dir='ltr'>visus</span> <span class='ocrx_word' id='word_1_58' title='bbox 309 733 399 787; x_wconf 89' lang='lat' dir='ltr'>medio</span> <span class='ocrx_word' id='word_1_59' title='bbox 418 750 542 787; x_wconf 85' lang='lat' dir='ltr'>sermone</span> <span class='ocrx_word' id='word_1_60' title='bbox 559 735 678 802; x_wconf 90' lang='lat' dir='ltr'>reliquit,</span> 
     </span>
    </p>

    <p class='ocr_par' dir='ltr' id='par_1_8' title="bbox 77 809 799 877">
     <span class='ocr_line' id='line_1_10' title="bbox 77 809 799 877; baseline 0.003 -15"><span class='ocrx_word' id='word_1_61' title='bbox 77 809 113 862; x_wconf 85' lang='lat' dir='ltr'>Ilt</span> <span class='ocrx_word' id='word_1_62' title='bbox 131 810 225 877; x_wconf 87' lang='lat' dir='ltr'>procul</span> <span class='ocrx_word' id='word_1_63' title='bbox 243 810 271 862; x_wconf 91' lang='lat' dir='ltr'>in</span> <span class='ocrx_word' id='word_1_64' title='bbox 289 814 399 863; x_wconf 90' lang='lat' dir='ltr'>tenuem</span> <span class='ocrx_word' id='word_1_65' title='bbox 418 827 452 863; x_wconf 84' lang='lat' dir='ltr'>ex</span> <span class='ocrx_word' id='word_1_66' title='bbox 470 810 554 863; x_wconf 87' lang='lat' dir='ltr'>oeulis</span> <span class='ocrx_word' id='word_1_67' title='bbox 572 812 680 864; x_wconf 90' lang='lat' dir='ltr'>evanuit</span> <span class='ocrx_word' id='word_1_68' title='bbox 698 828 799 864; x_wconf 86' lang='lat' dir='ltr'>auram.</span> 
     </span>
    </p>

    <p class='ocr_par' dir='ltr' id='par_1_9' title="bbox 77 884 934 1178">
     <span class='ocr_line' id='line_1_11' title="bbox 111 884 765 954; baseline 0.002 -16"><span class='ocrx_word' id='word_1_69' title='bbox 111 889 151 939; x_wconf 90' lang='lat' dir='ltr'>At</span> <span class='ocrx_word' id='word_1_70' title='bbox 169 904 233 939; x_wconf 88' lang='lat' dir='ltr'>vero</span> <span class='ocrx_word' id='word_1_71' title='bbox 253 889 361 940; x_wconf 80' lang='lat' dir='ltr'>Aeneas</span> <span class='ocrx_word' id='word_1_72' title='bbox 380 891 491 954; x_wconf 87' lang='lat' dir='ltr'>aspectu</span> <span class='ocrx_word' id='word_1_73' title='bbox 509 884 647 939; x_wconf 89' lang='lat' dir='ltr'>obmutuit</span> <span class='ocrx_word' id='word_1_74' title='bbox 664 903 765 950; x_wconf 88' lang='lat' dir='ltr'>amens,</span> 
     </span>
     <span class='ocr_line' id='line_1_12' title="bbox 77 963 934 1030; baseline -0.004 -14"><span class='ocrx_word' id='word_1_75' title='bbox 77 963 265 1030; x_wconf 87' lang='lat' dir='ltr'>Arreetaeque</span> <span class='ocrx_word' id='word_1_76' title='bbox 278 963 390 1015; x_wconf 92' lang='lat' dir='ltr'>horrore</span> <span class='ocrx_word' id='word_1_77' title='bbox 403 979 505 1028; x_wconf 81' lang='lat' dir='ltr'>comae,</span> <span class='ocrx_word' id='word_1_78' title='bbox 517 965 546 1014; x_wconf 89' lang='lat' dir='ltr'>et</span> <span class='ocrx_word' id='word_1_79' title='bbox 558 979 610 1014; x_wconf 79' lang='lat' dir='ltr'>ron</span> <span class='ocrx_word' id='word_1_80' title='bbox 622 963 743 1015; x_wconf 87' lang='lat' dir='ltr'>faucibus</span> <span class='ocrx_word' id='word_1_81' title='bbox 756 963 852 1015; x_wconf 80' lang='lat' dir='ltr'>haesit.</span> <span class='ocrx_word' id='word_1_82' title='bbox 898 976 934 1013; x_wconf 72' lang='lat' dir='ltr'>aee</span> 
     </span>
     <span class='ocr_line' id='line_1_13' title="bbox 78 1037 788 1104; baseline -0.004 -13"><span class='ocrx_word' id='word_1_83' title='bbox 78 1039 169 1091; x_wconf 88' lang='lat' dir='ltr'>Ardet</span> <span class='ocrx_word' id='word_1_84' title='bbox 188 1038 263 1090; x_wconf 90' lang='lat' dir='ltr'>abire</span> <span class='ocrx_word' id='word_1_85' title='bbox 281 1039 345 1104; x_wconf 78' lang='lat' dir='ltr'>fuga</span> <span class='ocrx_word' id='word_1_86' title='bbox 364 1037 504 1103; x_wconf 87' lang='lat' dir='ltr'>dulcisque</span> <span class='ocrx_word' id='word_1_87' title='bbox 522 1037 676 1103; x_wconf 87' lang='lat' dir='ltr'>relinquere</span> <span class='ocrx_word' id='word_1_88' title='bbox 694 1041 788 1100; x_wconf 83' lang='lat' dir='ltr'>terras,</span> 
     </span>
     <span class='ocr_line' id='line_1_14' title="bbox 78 1110 758 1178; baseline -0.004 -12"><span class='ocrx_word' id='word_1_89' title='bbox 78 1115 223 1166; x_wconf 87' lang='lat' dir='ltr'>Attonitus</span> <span class='ocrx_word' id='word_1_90' title='bbox 241 1117 319 1167; x_wconf 86' lang='lat' dir='ltr'>tanto</span> <span class='ocrx_word' id='word_1_91' title='bbox 338 1112 442 1165; x_wconf 89' lang='lat' dir='ltr'>monitu</span> <span class='ocrx_word' id='word_1_92' title='bbox 460 1111 619 1178; x_wconf 87' lang='lat' dir='ltr'>inperioquo</span> <span class='ocrx_word' id='word_1_93' title='bbox 639 1110 758 1164; x_wconf 87' lang='lat' dir='ltr'>deorum.</span> 
     </span>
    </p>

    <p class='ocr_par' dir='ltr' id='par_1_10' title="bbox 78 1186 909 1331">
     <span class='ocr_line' id='line_1_15' title="bbox 78 1186 909 1257; baseline -0.002 -16"><span class='ocrx_word' id='word_1_94' title='bbox 78 1189 143 1241; x_wconf 89' lang='lat' dir='ltr'>Heu</span> <span class='ocrx_word' id='word_1_95' title='bbox 161 1188 229 1257; x_wconf 89' lang='lat' dir='ltr'>quid</span> <span class='ocrx_word' id='word_1_96' title='bbox 248 1190 329 1255; x_wconf 84' lang='lat' dir='ltr'>agatl</span> <span class='ocrx_word' id='word_1_97' title='bbox 349 1204 403 1255; x_wconf 90' lang='lat' dir='ltr'>quo</span> <span class='ocrx_word' id='word_1_98' title='bbox 422 1203 492 1239; x_wconf 90' lang='lat' dir='ltr'>nunc</span> <span class='ocrx_word' id='word_1_99' title='bbox 511 1187 633 1253; x_wconf 84' lang='lat' dir='ltr'>reginam</span> <span class='ocrx_word' id='word_1_100' title='bbox 651 1186 909 1239; x_wconf 86' lang='lat' dir='ltr'>ambirefurentem</span> 
     </span>
     <span class='ocr_line' id='line_1_16' title="bbox 78 1263 769 1331; baseline -0.001 -14"><span class='ocrx_word' id='word_1_101' title='bbox 78 1264 191 1317; x_wconf 83' lang='lat' dir='ltr'>Audeat</span> <span class='ocrx_word' id='word_1_102' title='bbox 209 1263 321 1316; x_wconf 77' lang='lat' dir='ltr'>adfatu?</span> <span class='ocrx_word' id='word_1_103' title='bbox 341 1280 410 1330; x_wconf 88' lang='lat' dir='ltr'>quae</span> <span class='ocrx_word' id='word_1_104' title='bbox 428 1263 515 1331; x_wconf 87' lang='lat' dir='ltr'>prima</span> <span class='ocrx_word' id='word_1_105' title='bbox 533 1263 645 1316; x_wconf 80' lang='lat' dir='ltr'>exordia</span> <span class='ocrx_word' id='word_1_106' title='bbox 663 1265 769 1317; x_wconf 87' lang='lat' dir='ltr'>sumatl</span> 
     </span>
    </p>

    <p class='ocr_par' dir='ltr' id='par_1_11' title="bbox 78 1339 933 1484">
     <span class='ocr_line' id='line_1_17' title="bbox 79 1339 933 1408; baseline -0.001 -15"><span class='ocrx_word' id='word_1_107' title='bbox 79 1343 174 1408; x_wconf 83' lang='lat' dir='ltr'>Atque</span> <span class='ocrx_word' id='word_1_108' title='bbox 187 1340 306 1392; x_wconf 86' lang='lat' dir='ltr'>animum</span> <span class='ocrx_word' id='word_1_109' title='bbox 319 1355 389 1392; x_wconf 92' lang='lat' dir='ltr'>nunc</span> <span class='ocrx_word' id='word_1_110' title='bbox 401 1339 453 1392; x_wconf 92' lang='lat' dir='ltr'>huc</span> <span class='ocrx_word' id='word_1_111' title='bbox 465 1339 590 1406; x_wconf 88' lang='lat' dir='ltr'>celerem,</span> <span class='ocrx_word' id='word_1_112' title='bbox 603 1357 673 1393; x_wconf 90' lang='lat' dir='ltr'>nunc</span> <span class='ocrx_word' id='word_1_113' title='bbox 686 1339 784 1393; x_wconf 89' lang='lat' dir='ltr'>dividit</span> <span class='ocrx_word' id='word_1_114' title='bbox 795 1341 871 1405; x_wconf 69' lang='lat' dir='ltr'>illua</span> <span class='ocrx_word' id='word_1_115' title='bbox 897 1354 933 1392; x_wconf 79' lang='lat' dir='ltr'>ess</span> 
     </span>
     <span class='ocr_line' id='line_1_18' title="bbox 78 1416 810 1484; baseline 0.003 -16"><span class='ocrx_word' id='word_1_116' title='bbox 78 1416 112 1468; x_wconf 91' lang='lat' dir='ltr'>In</span> <span class='ocrx_word' id='word_1_117' title='bbox 130 1417 271 1484; x_wconf 89' lang='lat' dir='ltr'>partisque</span> <span class='ocrx_word' id='word_1_118' title='bbox 288 1417 361 1483; x_wconf 86' lang='lat' dir='ltr'>rupit</span> <span class='ocrx_word' id='word_1_119' title='bbox 380 1417 466 1468; x_wconf 80' lang='lat' dir='ltr'>varias</span> <span class='ocrx_word' id='word_1_120' title='bbox 484 1432 587 1483; x_wconf 87' lang='lat' dir='ltr'>perque</span> <span class='ocrx_word' id='word_1_121' title='bbox 606 1417 695 1469; x_wconf 86' lang='lat' dir='ltr'>onmia</span> <span class='ocrx_word' id='word_1_122' title='bbox 712 1419 810 1470; x_wconf 87' lang='lat' dir='ltr'>versat.</span> 
     </span>
    </p>

    <p class='ocr_par' dir='ltr' id='par_1_12' title="bbox 78 1492 729 1559">
     <span class='ocr_line' id='line_1_19' title="bbox 78 1492 729 1559; baseline 0.002 -14"><span class='ocrx_word' id='word_1_123' title='bbox 78 1492 155 1546; x_wconf 87' lang='lat' dir='ltr'>Haec</span> <span class='ocrx_word' id='word_1_124' title='bbox 173 1492 319 1546; x_wconf 77' lang='lat' dir='ltr'>alternanti</span> <span class='ocrx_word' id='word_1_125' title='bbox 337 1493 426 1559; x_wconf 89' lang='lat' dir='ltr'>potior</span> <span class='ocrx_word' id='word_1_126' title='bbox 445 1492 580 1546; x_wconf 88' lang='lat' dir='ltr'>sententia</span> <span class='ocrx_word' id='word_1_127' title='bbox 598 1493 655 1546; x_wconf 82' lang='lat' dir='ltr'>visa</span> <span class='ocrx_word' id='word_1_128' title='bbox 674 1498 729 1546; x_wconf 89' lang='lat' dir='ltr'>est:</span> 
     </span>
    </p>

    <p class='ocr_par' dir='ltr' id='par_1_13' title="bbox 77 1569 936 2166">
     <span class='ocr_line' id='line_1_20' title="bbox 78 1569 892 1637; baseline 0.002 -17"><span class='ocrx_word' id='word_1_129' title='bbox 78 1569 223 1622; x_wconf 89' lang='lat' dir='ltr'>Mnesthea</span> <span class='ocrx_word' id='word_1_130' title='bbox 242 1569 457 1637; x_wconf 81' lang='lat' dir='ltr'>Sergestumque</span> <span class='ocrx_word' id='word_1_131' title='bbox 475 1571 555 1622; x_wconf 85' lang='lat' dir='ltr'>vocat</span> <span class='ocrx_word' id='word_1_132' title='bbox 572 1569 725 1636; x_wconf 87' lang='lat' dir='ltr'>fortemque</span> <span class='ocrx_word' id='word_1_133' title='bbox 745 1569 892 1633; x_wconf 81' lang='lat' dir='ltr'>Serestum,</span> 
     </span>
     <span class='ocr_line' id='line_1_21' title="bbox 78 1644 839 1714; baseline 0.001 -17"><span class='ocrx_word' id='word_1_134' title='bbox 78 1645 198 1698; x_wconf 80' lang='lat' dir='ltr'>Classem</span> <span class='ocrx_word' id='word_1_135' title='bbox 217 1648 313 1714; x_wconf 86' lang='lat' dir='ltr'>aptent</span> <span class='ocrx_word' id='word_1_136' title='bbox 330 1647 407 1699; x_wconf 84' lang='lat' dir='ltr'>taciti</span> <span class='ocrx_word' id='word_1_137' title='bbox 426 1645 565 1712; x_wconf 87' lang='lat' dir='ltr'>sociosque</span> <span class='ocrx_word' id='word_1_138' title='bbox 584 1644 620 1698; x_wconf 88' lang='lat' dir='ltr'>ad</span> <span class='ocrx_word' id='word_1_139' title='bbox 637 1646 717 1698; x_wconf 86' lang='lat' dir='ltr'>litora</span> <span class='ocrx_word' id='word_1_140' title='bbox 736 1649 839 1712; x_wconf 82' lang='lat' dir='ltr'>cogant,</span> 
     </span>
     <span class='ocr_line' id='line_1_22' title="bbox 79 1720 936 1790; baseline -0.001 -17"><span class='ocrx_word' id='word_1_141' title='bbox 79 1722 164 1774; x_wconf 88' lang='lat' dir='ltr'>Arma</span> <span class='ocrx_word' id='word_1_142' title='bbox 182 1725 288 1790; x_wconf 77' lang='lat' dir='ltr'>parent,</span> <span class='ocrx_word' id='word_1_143' title='bbox 307 1725 342 1789; x_wconf 84' lang='lat' dir='ltr'>et,</span> <span class='ocrx_word' id='word_1_144' title='bbox 362 1739 432 1790; x_wconf 89' lang='lat' dir='ltr'>quae</span> <span class='ocrx_word' id='word_1_145' title='bbox 450 1720 533 1773; x_wconf 86' lang='lat' dir='ltr'>rebus</span> <span class='ocrx_word' id='word_1_146' title='bbox 552 1722 588 1774; x_wconf 90' lang='lat' dir='ltr'>sit</span> <span class='ocrx_word' id='word_1_147' title='bbox 606 1738 700 1775; x_wconf 85' lang='lat' dir='ltr'>caussa</span> <span class='ocrx_word' id='word_1_148' title='bbox 718 1721 856 1786; x_wconf 84' lang='lat' dir='ltr'>novandis,</span> <span class='ocrx_word' id='word_1_149' title='bbox 900 1734 936 1773; x_wconf 78' lang='lat' dir='ltr'>aee</span> 
     </span>
     <span class='ocr_line' id='line_1_23' title="bbox 78 1795 829 1865; baseline 0 -17"><span class='ocrx_word' id='word_1_150' title='bbox 78 1795 271 1861; x_wconf 90' lang='lat' dir='ltr'>Dissimulent;</span> <span class='ocrx_word' id='word_1_151' title='bbox 292 1814 351 1850; x_wconf 90' lang='lat' dir='ltr'>sese</span> <span class='ocrx_word' id='word_1_152' title='bbox 368 1798 480 1863; x_wconf 85' lang='lat' dir='ltr'>interea,</span> <span class='ocrx_word' id='word_1_153' title='bbox 500 1797 609 1864; x_wconf 89' lang='lat' dir='ltr'>quando</span> <span class='ocrx_word' id='word_1_154' title='bbox 627 1800 738 1865; x_wconf 87' lang='lat' dir='ltr'>optuma</span> <span class='ocrx_word' id='word_1_155' title='bbox 758 1796 829 1848; x_wconf 92' lang='lat' dir='ltr'>Dido</span> 
     </span>
     <span class='ocr_line' id='line_1_24' title="bbox 77 1872 770 1939; baseline 0 -16"><span class='ocrx_word' id='word_1_156' title='bbox 77 1872 189 1925; x_wconf 87' lang='lat' dir='ltr'>Nesciat</span> <span class='ocrx_word' id='word_1_157' title='bbox 208 1878 236 1925; x_wconf 91' lang='lat' dir='ltr'>et</span> <span class='ocrx_word' id='word_1_158' title='bbox 255 1876 348 1924; x_wconf 86' lang='lat' dir='ltr'>tantos</span> <span class='ocrx_word' id='word_1_159' title='bbox 366 1873 455 1939; x_wconf 90' lang='lat' dir='ltr'>rumpi</span> <span class='ocrx_word' id='word_1_160' title='bbox 473 1888 527 1924; x_wconf 92' lang='lat' dir='ltr'>non</span> <span class='ocrx_word' id='word_1_161' title='bbox 546 1875 638 1938; x_wconf 88' lang='lat' dir='ltr'>speret</span> <span class='ocrx_word' id='word_1_162' title='bbox 656 1889 770 1938; x_wconf 85' lang='lat' dir='ltr'>amores,</span> 
     </span>
     <span class='ocr_line' id='line_1_25' title="bbox 78 1946 810 2016; baseline 0 -17"><span class='ocrx_word' id='word_1_163' title='bbox 78 1948 286 2016; x_wconf 88' lang='lat' dir='ltr'>Ternptaturum</span> <span class='ocrx_word' id='word_1_164' title='bbox 306 1947 405 2012; x_wconf 84' lang='lat' dir='ltr'>aditus,</span> <span class='ocrx_word' id='word_1_165' title='bbox 424 1951 454 1999; x_wconf 90' lang='lat' dir='ltr'>et</span> <span class='ocrx_word' id='word_1_166' title='bbox 472 1963 542 2014; x_wconf 89' lang='lat' dir='ltr'>quae</span> <span class='ocrx_word' id='word_1_167' title='bbox 560 1947 717 1999; x_wconf 87' lang='lat' dir='ltr'>mollissima</span> <span class='ocrx_word' id='word_1_168' title='bbox 735 1946 810 1999; x_wconf 88' lang='lat' dir='ltr'>fandi</span> 
     </span>
     <span class='ocr_line' id='line_1_26' title="bbox 78 2021 867 2090; baseline 0.001 -15"><span class='ocrx_word' id='word_1_169' title='bbox 78 2023 218 2090; x_wconf 76' lang='lat' dir='ltr'>Tempora,</span> <span class='ocrx_word' id='word_1_170' title='bbox 238 2023 299 2088; x_wconf 90' lang='lat' dir='ltr'>quis</span> <span class='ocrx_word' id='word_1_171' title='bbox 316 2021 398 2073; x_wconf 88' lang='lat' dir='ltr'>rebus</span> <span class='ocrx_word' id='word_1_172' title='bbox 417 2021 514 2073; x_wconf 80' lang='lat' dir='ltr'>dexter</span> <span class='ocrx_word' id='word_1_173' title='bbox 532 2021 636 2076; x_wconf 89' lang='lat' dir='ltr'>modus.</span> <span class='ocrx_word' id='word_1_174' title='bbox 673 2022 755 2075; x_wconf 84' lang='lat' dir='ltr'>Ocius</span> <span class='ocrx_word' id='word_1_175' title='bbox 773 2039 867 2076; x_wconf 83' lang='lat' dir='ltr'>omnes</span> 
     </span>
     <span class='ocr_line' id='line_1_27' title="bbox 79 2096 935 2166; baseline -0.001 -15"><span class='ocrx_word' id='word_1_176' title='bbox 79 2098 190 2166; x_wconf 89' lang='lat' dir='ltr'>Inperio</span> <span class='ocrx_word' id='word_1_177' title='bbox 207 2097 273 2149; x_wconf 86' lang='lat' dir='ltr'>laeti</span> <span class='ocrx_word' id='word_1_178' title='bbox 290 2100 389 2163; x_wconf 87' lang='lat' dir='ltr'>parent</span> <span class='ocrx_word' id='word_1_179' title='bbox 406 2113 438 2148; x_wconf 85' lang='lat' dir='ltr'>uc</span> <span class='ocrx_word' id='word_1_180' title='bbox 454 2096 527 2148; x_wconf 89' lang='lat' dir='ltr'>iussa</span> <span class='ocrx_word' id='word_1_181' title='bbox 544 2096 688 2148; x_wconf 86' lang='lat' dir='ltr'>facessunt.</span> <span class='ocrx_word' id='word_1_182' title='bbox 899 2112 935 2150; x_wconf 75' lang='lat' dir='ltr'>aes</span> 
     </span>
    </p>

    <p class='ocr_par' dir='ltr' id='par_1_14' title="bbox 79 2169 882 2314">
     <span class='ocr_line' id='line_1_28' title="bbox 114 2169 882 2239; baseline 0.004 -15"><span class='ocrx_word' id='word_1_183' title='bbox 114 2173 155 2224; x_wconf 85' lang='lat' dir='ltr'>At</span> <span class='ocrx_word' id='word_1_184' title='bbox 173 2170 268 2237; x_wconf 81' lang='lat' dir='ltr'>regina</span> <span class='ocrx_word' id='word_1_185' title='bbox 286 2169 459 2238; x_wconf 88' lang='lat' dir='ltr'>dolos—quis</span> <span class='ocrx_word' id='word_1_186' title='bbox 476 2169 571 2223; x_wconf 86' lang='lat' dir='ltr'>fallere</span> <span class='ocrx_word' id='word_1_187' title='bbox 589 2171 676 2239; x_wconf 86' lang='lat' dir='ltr'>possit</span> <span class='ocrx_word' id='word_1_188' title='bbox 693 2173 882 2227; x_wconf 84' lang='lat' dir='ltr'>amanteml-</span> 
     </span>
     <span class='ocr_line' id='line_1_29' title="bbox 79 2245 773 2314; baseline 0.001 -16"><span class='ocrx_word' id='word_1_189' title='bbox 79 2246 244 2313; x_wconf 86' lang='lat' dir='ltr'>Praesensit‚</span> <span class='ocrx_word' id='word_1_190' title='bbox 262 2250 408 2314; x_wconf 89' lang='lat' dir='ltr'>motusque</span> <span class='ocrx_word' id='word_1_191' title='bbox 427 2245 536 2314; x_wconf 80' lang='lat' dir='ltr'>excepit</span> <span class='ocrx_word' id='word_1_192' title='bbox 553 2247 641 2314; x_wconf 91' lang='lat' dir='ltr'>prima</span> <span class='ocrx_word' id='word_1_193' title='bbox 657 2248 773 2312; x_wconf 83' lang='lat' dir='ltr'>futuros,</span> 
     </span>
    </p>

    <p class='ocr_par' dir='ltr' id='par_1_15' title="bbox 79 2322 847 2467">
     <span class='ocr_line' id='line_1_30' title="bbox 79 2322 847 2390; baseline 0 -15"><span class='ocrx_word' id='word_1_194' title='bbox 79 2323 177 2376; x_wconf 86' lang='lat' dir='ltr'>Onmia</span> <span class='ocrx_word' id='word_1_195' title='bbox 194 2326 256 2377; x_wconf 89' lang='lat' dir='ltr'>tuta</span> <span class='ocrx_word' id='word_1_196' title='bbox 274 2324 381 2376; x_wconf 83' lang='lat' dir='ltr'>timens.</span> <span class='ocrx_word' id='word_1_197' title='bbox 418 2323 523 2376; x_wconf 84' lang='lat' dir='ltr'>Eadem</span> <span class='ocrx_word' id='word_1_198' title='bbox 541 2323 624 2390; x_wconf 88' lang='lat' dir='ltr'>impia</span> <span class='ocrx_word' id='word_1_199' title='bbox 643 2323 727 2376; x_wconf 87' lang='lat' dir='ltr'>Fama</span> <span class='ocrx_word' id='word_1_200' title='bbox 744 2322 847 2376; x_wconf 87' lang='lat' dir='ltr'>furenti</span> 
     </span>
     <span class='ocr_line' id='line_1_31' title="bbox 79 2398 736 2467; baseline 0.002 -15"><span class='ocrx_word' id='word_1_201' title='bbox 79 2400 185 2454; x_wconf 85' lang='lat' dir='ltr'>Detulit</span> <span class='ocrx_word' id='word_1_202' title='bbox 204 2400 303 2452; x_wconf 87' lang='lat' dir='ltr'>armari</span> <span class='ocrx_word' id='word_1_203' title='bbox 322 2400 435 2453; x_wconf 89' lang='lat' dir='ltr'>classem</span> <span class='ocrx_word' id='word_1_204' title='bbox 453 2415 618 2467; x_wconf 89' lang='lat' dir='ltr'>cursumque</span> <span class='ocrx_word' id='word_1_205' title='bbox 635 2398 736 2467; x_wconf 86' lang='lat' dir='ltr'>parari.</span> 
     </span>
    </p>

    <p class='ocr_par' dir='ltr' id='par_1_16' title="bbox 78 2474 936 2619">
     <span class='ocr_line' id='line_1_32' title="bbox 79 2474 936 2544; baseline -0.002 -14"><span class='ocrx_word' id='word_1_206' title='bbox 79 2476 171 2530; x_wconf 81' lang='lat' dir='ltr'>Saevit</span> <span class='ocrx_word' id='word_1_207' title='bbox 187 2476 266 2544; x_wconf 87' lang='lat' dir='ltr'>inops</span> <span class='ocrx_word' id='word_1_208' title='bbox 284 2476 375 2542; x_wconf 81' lang='lat' dir='ltr'>animi,</span> <span class='ocrx_word' id='word_1_209' title='bbox 393 2480 536 2544; x_wconf 88' lang='lat' dir='ltr'>totamque</span> <span class='ocrx_word' id='word_1_210' title='bbox 553 2475 664 2528; x_wconf 87' lang='lat' dir='ltr'>incensa</span> <span class='ocrx_word' id='word_1_211' title='bbox 681 2491 731 2543; x_wconf 88' lang='lat' dir='ltr'>per</span> <span class='ocrx_word' id='word_1_212' title='bbox 748 2474 844 2528; x_wconf 89' lang='lat' dir='ltr'>urbem</span> <span class='ocrx_word' id='word_1_213' title='bbox 899 2490 936 2528; x_wconf 86' lang='lat' dir='ltr'>see</span> 
     </span>
     <span class='ocr_line' id='line_1_33' title="bbox 78 2551 714 2619; baseline -0.002 -15"><span class='ocrx_word' id='word_1_214' title='bbox 78 2552 238 2619; x_wconf 85' lang='lat' dir='ltr'>Bacchatur,</span> <span class='ocrx_word' id='word_1_215' title='bbox 257 2552 344 2619; x_wconf 86' lang='lat' dir='ltr'>qualis</span> <span class='ocrx_word' id='word_1_216' title='bbox 362 2553 504 2605; x_wconf 91' lang='lat' dir='ltr'>commotis</span> <span class='ocrx_word' id='word_1_217' title='bbox 523 2551 612 2604; x_wconf 82' lang='lat' dir='ltr'>exeita</span> <span class='ocrx_word' id='word_1_218' title='bbox 630 2551 714 2605; x_wconf 88' lang='lat' dir='ltr'>saeris</span> 
     </span>
    </p>

    <p class='ocr_par' dir='ltr' id='par_1_17' title="bbox 79 2628 803 2696">
     <span class='ocr_line' id='line_1_34' title="bbox 79 2628 803 2696; baseline 0 -16"><span class='ocrx_word' id='word_1_219' title='bbox 79 2629 182 2696; x_wconf 82' lang='lat' dir='ltr'>Thyias,</span> <span class='ocrx_word' id='word_1_220' title='bbox 201 2629 247 2682; x_wconf 94' lang='lat' dir='ltr'>ubi</span> <span class='ocrx_word' id='word_1_221' title='bbox 264 2630 358 2683; x_wconf 89' lang='lat' dir='ltr'>audito</span> <span class='ocrx_word' id='word_1_222' title='bbox 378 2629 520 2684; x_wconf 88' lang='lat' dir='ltr'>stimulant</span> <span class='ocrx_word' id='word_1_223' title='bbox 537 2628 677 2683; x_wconf 86' lang='lat' dir='ltr'>trieterica</span> <span class='ocrx_word' id='word_1_224' title='bbox 696 2628 803 2682; x_wconf 88' lang='lat' dir='ltr'>Baccho</span> 
     </span>
    </p>

    <p class='ocr_par' dir='ltr' id='par_1_18' title="bbox 79 2704 790 2772">
     <span class='ocr_line' id='line_1_35' title="bbox 79 2704 790 2772; baseline 0 -16"><span class='ocrx_word' id='word_1_225' title='bbox 79 2705 162 2771; x_wconf 77' lang='lat' dir='ltr'>Orgia</span> <span class='ocrx_word' id='word_1_226' title='bbox 179 2708 383 2772; x_wconf 90' lang='lat' dir='ltr'>nocturnusque</span> <span class='ocrx_word' id='word_1_227' title='bbox 401 2710 480 2759; x_wconf 85' lang='lat' dir='ltr'>vocat</span> <span class='ocrx_word' id='word_1_228' title='bbox 498 2706 616 2759; x_wconf 91' lang='lat' dir='ltr'>clamore</span> <span class='ocrx_word' id='word_1_229' title='bbox 635 2704 790 2757; x_wconf 82' lang='lat' dir='ltr'>Cithaeron.</span> 
     </span>
    </p>

    <p class='ocr_par' dir='ltr' id='par_1_19' title="bbox 79 2776 787 2849">
     <span class='ocr_line' id='line_1_36' title="bbox 79 2776 787 2849; baseline 0.004 -19"><span class='ocrx_word' id='word_1_230' title='bbox 79 2780 199 2831; x_wconf 88' lang='lat' dir='ltr'>Tandem</span> <span class='ocrx_word' id='word_1_231' title='bbox 217 2780 260 2832; x_wconf 87' lang='lat' dir='ltr'>his</span> <span class='ocrx_word' id='word_1_232' title='bbox 280 2782 392 2834; x_wconf 83' lang='lat' dir='ltr'>Aenean</span> <span class='ocrx_word' id='word_1_233' title='bbox 410 2776 556 2849; x_wconf 87' lang='lat' dir='ltr'>compellat</span> <span class='ocrx_word' id='word_1_234' title='bbox 572 2781 683 2834; x_wconf 84' lang='lat' dir='ltr'>vocibus</span> <span class='ocrx_word' id='word_1_235' title='bbox 700 2780 787 2833; x_wconf 86' lang='lat' dir='ltr'>ultro:</span> 
     </span>
    </p>

    <p class='ocr_par' dir='ltr' id='par_1_20' title="bbox 80 2855 935 3219">
     <span class='ocr_line' id='line_1_37' title="bbox 115 2855 935 2924; baseline 0.002 -17"><span class='ocrx_word' id='word_1_236' title='bbox 115 2855 292 2908; x_wconf 83' lang='lat' dir='ltr'>Dissimulare</span> <span class='ocrx_word' id='word_1_237' title='bbox 311 2857 393 2909; x_wconf 87' lang='lat' dir='ltr'>etiam</span> <span class='ocrx_word' id='word_1_238' title='bbox 412 2857 536 2924; x_wconf 87' lang='lat' dir='ltr'>sperasti,</span> <span class='ocrx_word' id='word_1_239' title='bbox 554 2857 666 2924; x_wconf 86' lang='lat' dir='ltr'>perfide,</span> <span class='ocrx_word' id='word_1_240' title='bbox 685 2858 793 2908; x_wconf 89' lang='lat' dir='ltr'>tantum</span> <span class='ocrx_word' id='word_1_241' title='bbox 897 2869 935 2909; x_wconf 72' lang='lat'>³0⁵</span> 
     </span>
     <span class='ocr_line' id='line_1_38' title="bbox 80 2931 779 3001; baseline 0.001 -17"><span class='ocrx_word' id='word_1_242' title='bbox 80 2931 163 2984; x_wconf 89' lang='lat' dir='ltr'>Posse</span> <span class='ocrx_word' id='word_1_243' title='bbox 181 2931 265 2998; x_wconf 79' lang='lat' dir='ltr'>nolae,</span> <span class='ocrx_word' id='word_1_244' title='bbox 283 2932 437 3001; x_wconf 87' lang='lat' dir='ltr'>tacitusque</span> <span class='ocrx_word' id='word_1_245' title='bbox 454 2950 515 2986; x_wconf 88' lang='lat' dir='ltr'>mea</span> <span class='ocrx_word' id='word_1_246' title='bbox 532 2932 668 2986; x_wconf 89' lang='lat' dir='ltr'>decedere</span> <span class='ocrx_word' id='word_1_247' title='bbox 686 2932 779 2985; x_wconf 73' lang='lat' dir='ltr'>terrai</span> 
     </span>
     <span class='ocr_line' id='line_1_39' title="bbox 80 3007 889 3076; baseline 0 -16"><span class='ocrx_word' id='word_1_248' title='bbox 80 3008 137 3060; x_wconf 90' lang='lat' dir='ltr'>Nec</span> <span class='ocrx_word' id='word_1_249' title='bbox 155 3011 184 3060; x_wconf 89' lang='lat' dir='ltr'>te</span> <span class='ocrx_word' id='word_1_250' title='bbox 202 3010 296 3060; x_wconf 90' lang='lat' dir='ltr'>noster</span> <span class='ocrx_word' id='word_1_251' title='bbox 313 3023 395 3074; x_wconf 84' lang='lat' dir='ltr'>amor,</span> <span class='ocrx_word' id='word_1_252' title='bbox 413 3024 464 3061; x_wconf 90' lang='lat' dir='ltr'>nec</span> <span class='ocrx_word' id='word_1_253' title='bbox 481 3011 510 3060; x_wconf 90' lang='lat' dir='ltr'>te</span> <span class='ocrx_word' id='word_1_254' title='bbox 529 3007 594 3061; x_wconf 87' lang='lat' dir='ltr'>data</span> <span class='ocrx_word' id='word_1_255' title='bbox 612 3007 727 3060; x_wconf 82' lang='lat' dir='ltr'>dextera</span> <span class='ocrx_word' id='word_1_256' title='bbox 745 3012 889 3076; x_wconf 83' lang='lat' dir='ltr'>quondum,</span> 
     </span>
     <span class='ocr_line' id='line_1_40' title="bbox 80 3082 722 3137; baseline 0 -2"><span class='ocrx_word' id='word_1_257' title='bbox 80 3084 138 3136; x_wconf 89' lang='lat' dir='ltr'>Nee</span> <span class='ocrx_word' id='word_1_258' title='bbox 156 3085 287 3137; x_wconf 88' lang='lat' dir='ltr'>moritura</span> <span class='ocrx_word' id='word_1_259' title='bbox 304 3087 381 3137; x_wconf 90' lang='lat' dir='ltr'>tenet</span> <span class='ocrx_word' id='word_1_260' title='bbox 397 3083 501 3137; x_wconf 89' lang='lat' dir='ltr'>crudeli</span> <span class='ocrx_word' id='word_1_261' title='bbox 519 3085 615 3136; x_wconf 89' lang='lat' dir='ltr'>funere</span> <span class='ocrx_word' id='word_1_262' title='bbox 634 3082 722 3135; x_wconf 84' lang='lat' dir='ltr'>Didol</span> 
     </span>
     <span class='ocr_line' id='line_1_41' title="bbox 81 3158 753 3219; baseline -0.003 -7"><span class='ocrx_word' id='word_1_263' title='bbox 81 3158 151 3219; x_wconf 82' lang='lat' dir='ltr'>Quin</span> <span class='ocrx_word' id='word_1_264' title='bbox 170 3160 251 3215; x_wconf 89' lang='lat' dir='ltr'>etiam</span> <span class='ocrx_word' id='word_1_265' title='bbox 271 3158 385 3213; x_wconf 91' lang='lat' dir='ltr'>hiberno</span> <span class='ocrx_word' id='word_1_266' title='bbox 403 3159 506 3214; x_wconf 88' lang='lat' dir='ltr'>moliris</span> <span class='ocrx_word' id='word_1_267' title='bbox 524 3159 614 3213; x_wconf 88' lang='lat' dir='ltr'>sidere</span> <span class='ocrx_word' id='word_1_268' title='bbox 632 3159 753 3218; x_wconf 84' lang='lat' dir='ltr'>classem,</span> 
     </span>
    </p>
   </div>
   <div class='ocr_carea' id='block_1_3' title="bbox 0 0 1023 3524">
    <p class='ocr_par' dir='ltr' id='par_1_21' title="bbox 0 0 1023 3524">
     <span class='ocr_line' id='line_1_42' title="bbox 0 0 1023 3524; baseline 0 0"><span class='ocrx_word' id='word_1_269' title='bbox 0 0 1023 3524; x_wconf 95' lang='lat' dir='ltr'> </span> 
     </span>
    </p>
   </div>
  </div>
 </body>
</html>
