2032 3524
343 76 525 162 AENEIDOS
543 114 613 161 LIB.
633 111 682 160 IV.
890 109 935 156 157

84 194 277 262 Florentisque
294 193 412 247 abscissa
429 211 526 261 comas,
547 193 602 247 Pro
620 191 759 261 Iuppiter!
779 189 831 243 ibit
900 202 936 243 eoo

84 272 145 336 llic,
164 271 210 335 ait,
229 274 258 323 ot
275 271 376 324 nostris
392 271 518 324 inluserit
535 269 642 324 advena
660 269 767 336 regnisl

83 347 146 400 Non
164 362 239 398 arma
257 347 412 414 expedient,
432 350 546 415 totaque
564 364 597 399 ex
617 345 685 398 urbe
704 346 861 412 sequentuq

83 422 283 491 Deripientque
301 427 375 475 rates
394 422 439 475 alii
458 422 614 475 navalibusl
653 423 705 487 Ite,

84 500 167 552 Ferte
185 498 231 550 citi
249 498 378 564 ilammas,
398 499 464 551 date
482 499 544 566 tela,
564 499 686 566 inpellite
704 502 844 551 remos!-

83 575 155 640 Quid
167 575 277 642 loquori
289 577 338 627 aut
349 573 396 626 ubi
409 577 485 627 sumi
500 575 576 638 Quae
588 579 709 627 mentem
720 574 822 627 insania
831 573 936 627 mutati

85 652 183 704 Infelix
202 651 287 704 Dido!
308 667 380 703 nune
398 653 426 704 te
443 651 517 704 iacta
534 651 617 717 impia
635 653 771 718 tangenti
900 663 936 702 aas

83 728 151 780 Tum
169 727 268 795 decuit,
287 744 348 780 oum
368 731 476 795 sceptra
495 727 666 779 clabes-En
686 727 785 780 dextra
802 726 935 793 fidesque,

84 806 170 868 Quom
189 821 280 856 seeum
299 805 401 870 patrios
420 804 496 856 aiunt
515 807 626 871 portare
647 803 763 867 Penatis,

84 882 170 944 Quom
189 881 304 933 subiisse
322 880 442 931 humeris
461 881 614 932 confectum
633 883 723 932 aetate
745 882 888 947 parentem
897 882 937 930 l—

83 957 144 1009 Non
163 957 239 1024 potui
258 955 403 1022 abreptum
423 954 553 1007 divellere
571 972 669 1021 corpus
688 959 716 1007 et
734 955 815 1006 undis
901 968 937 1004 ooo

83 1033 234 1100 Spargerel
253 1048 306 1084 non
326 1031 419 1096 socios,
438 1047 491 1081 non
510 1031 599 1096 ipsum
618 1030 760 1082 absumere
777 1031 850 1081 seno

85 1110 240 1174 Ascanium,
258 1107 409 1174 patriisque
428 1105 593 1172 epulandum
611 1121 713 1172 ponere
730 1106 874 1157 mensis?-

85 1185 189 1236 Vorum
207 1199 306 1250 anceps
326 1198 431 1249 pugnae
449 1181 540 1234 fuerat
557 1181 832 1245 fortuna-Fuisset3

85 1262 172 1324 Quem
191 1260 277 1311 metui
296 1258 443 1311 moritura-l
480 1258 565 1310 Faces
583 1258 610 1309 in
630 1261 719 1310 castra
737 1257 866 1321 tulissem,

85 1337 292 1405 Inplessomque
305 1334 377 1388 feros
390 1335 512 1400 flammis,
526 1338 674 1401 natumque
687 1338 848 1403 patremque
900 1346 937 1384 eos

86 1414 152 1466 Cum
166 1429 266 1480 genere
279 1412 441 1474 exstinxom
461 1416 562 1465 memet
575 1428 657 1479 super
668 1412 728 1479 ipsa
741 1411 920 1463 dedissem.-

84 1491 137 1557 ilol,
156 1491 201 1559 qni
222 1495 356 1543 terrarum
377 1489 490 1542 liammis
509 1505 591 1556 opera
609 1488 699 1540 omnia
716 1488 823 1554 lustras,

84 1568 179 1634 'l'uquc
198 1567 293 1618 hurum
312 1566 447 1633 interpres
465 1581 589 1617 curarum
609 1568 638 1617 ct
657 1564 762 1616 conseia
781 1564 857 1627 Iuno,

85 1643 109 1694 N
112 1644 287 1711 octnrnisquc
307 1642 412 1694 llecate
432 1641 518 1693 triviis
536 1641 641 1693 ululata
658 1658 708 1708 per
725 1638 814 1704 urbest,

85 1719 121 1771 nt
140 1719 223 1771 Dirae
242 1718 361 1784 ultrices²
381 1721 410 1770 et
429 1718 457 1769 (li
476 1717 616 1770 morientis
636 1717 747 1783 Elissae,
901 1726 938 1764 oro

86 1796 210 1863 Accipite
230 1796 303 1861 haec,
324 1795 506 1861 meritumque
525 1793 603 1845 malis
621 1793 758 1845 acirentito
776 1806 883 1855 numen,

86 1872 121 1923 Et
140 1876 247 1923 nostras
265 1870 360 1922 audite
378 1886 479 1936 proces.
518 1869 546 1922 si
564 1873 677 1935 tangere
696 1872 792 1936 portus

87 1947 232 1998 lnlzmdum
250 1948 332 2011 eaput
350 1961 381 1996 ac
399 1944 482 1996 terris
500 1944 602 1996 adnare
620 1960 730 1996 neeesse
748 1947 798 2010 est,

86 2023 122 2074 llt
141 2023 179 2074 sie
197 2022 254 2073 fata
273 2020 346 2071 lovis
363 2022 487 2086 poscunt,
506 2019 549 2070 hic
567 2019 700 2070 terminus
717 2018 826 2072 haeret:

87 2098 127 2150 At
147 2097 218 2150 bello
236 2095 346 2148 audacis
364 2092 455 2161 populi
475 2096 588 2145 vexatus
606 2096 635 2145 et
652 2092 741 2157 armis,
902 2105 939 2144 ora

88 2174 199 2226 Finibus
218 2171 342 2236 extorris,
360 2169 493 2236 conplexu
511 2164 617 2220 avolsus
636 2167 696 2233 Iuli,

88 2249 228 2305 Auxilium
248 2247 371 2314 inploret,
390 2242 537 2312 videatque
554 2243 666 2311 indigna
683 2260 792 2297 suorum

88 2328 209 2389 Funera3
228 2341 284 2387 nee,
302 2340 361 2376 eum
381 2339 410 2374 se
429 2321 479 2374 sub
499 2321 572 2387 logos
590 2321 662 2388 pacis
680 2321 789 2390 iniquae

87 2402 251 2468 Troiliderit,
270 2416 353 2467 regno
372 2404 420 2452 aut
439 2400 534 2466 optata
552 2399 611 2449 luce
629 2396 751 2463 fruatur;

88 2481 142 2534 Sed
155 2479 235 2532 cadat
247 2482 311 2530 ante
324 2477 396 2529 diem
411 2474 557 2542 mediaque
569 2474 727 2527 inhumatus
736 2492 826 2530 arena
903 2488 940 2527 ea>

89 2558 165 2608 Haec
178 2553 358 2623 procor,l1ane
368 2568 462 2605 vocem
471 2556 621 2604 extremam
635 2568 696 2603 eum
706 2553 836 2618 sanguine
846 2550 937 2603 fundo.

88 2632 156 2683 Tum
175 2648 229 2695 vos,
249 2647 265 2681 o
284 2629 363 2697 Tyrii,
384 2630 497 2696 stirpem
517 2631 545 2681 et
563 2644 648 2695 genus
666 2644 746 2680 omne
763 2628 889 2681 futurum

83 2708 224 2759 *Exercete
242 2706 320 2771 odiis,
338 2704 476 2772 cinerique
494 2705 560 2757 haee
578 2704 680 2757 mittite
699 2709 791 2757 nostro

90 2782 212 2834 Munera.
249 2781 345 2832 Nullus
363 2798 439 2833 amor
456 2781 570 2848 populis,
590 2796 640 2833 nee
658 2778 770 2832 foedera
788 2781 877 2832 sunto.

90 2858 220 2910 Exoriare
237 2857 335 2923 aliquis
353 2857 454 2909 nostris
474 2873 508 2909 ex
526 2856 631 2909 ossibus
649 2854 730 2920 ultor,
903 2864 940 2904 ont

91 2934 142 2997 Qui
161 2934 218 2986 fuce
238 2931 389 2984 Dardanios
407 2932 535 3000 ferroque
554 2947 669 2999 sequare
687 2930 801 2995 colonos,

90 3010 116 3063 N
118 3027 176 3076 uno,
197 3010 268 3076 olim,
287 3023 457 3075 quocumque
476 3006 580 3060 dabunt
598 3024 627 3059 se
646 3010 771 3073 tempore
789 3003 867 3058 vires.

92 3087 185 3139 Litora
203 3086 328 3139 litoribus
346 3084 489 3149 contraria
507 3083 634 3136 fluctibus
651 3081 739 3133 undas

93 3164 230 3230 inprecor,
248 3179 323 3215 arma
341 3161 438 3225 armis;
456 3163 578 3228 pugnent
595 3159 701 3226 ipsique
719 3162 893 3227 nepotesque.
