2032 3524
313 400 341 449 P.
360 400 510 448 vamum
528 397 691 445 MARONIS

270 572 732 679 nunninus

320 777 436 829 muna
454 774 688 828 UNDECIMUS.

451 938 551 964 q.-.

77 1058 217 1110 Ocurura
236 1059 341 1109 interca
361 1073 473 1122 surgens
493 1059 602 1108 Aurora
619 1057 745 1123 reliquit:

79 1136 191 1193 Aeneas,
211 1148 373 1199 ‹prmrnquam
393 1138 422 1183 ct
440 1132 518 1183 sociis
536 1131 602 1183 dare
621 1136 727 1198 tempus
745 1130 893 1185 humandis

81 1208 263 1274 Praecipitant
281 1223 369 1272 curae,
389 1205 555 1272 turbataque
573 1204 669 1258 funere
687 1222 764 1259 mens
782 1210 833 1269 est,

78 1282 150 1334 Vota
168 1281 248 1334 deum
269 1281 356 1349 prime
376 1282 463 1333 victer
480 1279 602 1333 solvebat
621 1280 683 1333 Eee.

79 1359 220 1424 lugentem
242 1372 371 1422 quercum
391 1356 488 1408 decisis
506 1356 627 1424 undique
647 1358 729 1410 ramis
917 1376 929 1413 s

78 1433 226 1486 Constituit
245 1433 356 1499 tmnnle,
375 1433 561 1501 fulgentiaque
579 1432 669 1486 induit
687 1450 768 1501 arma,

77 1509 194 1562 Mezenti
215 1508 291 1560 (ineis
310 1510 428 1573 exuvias,
447 1509 505 1577 tibi,
524 1526 629 1577 magne,
648 1513 797 1577 tropaeum,

78 1586 258 1652 itellipetens;
285 1589 364 1654 aptat
391 1586 507 1637 rorantis
525 1585 656 1651 sangariue
672 1585 768 1638 cristas

77 1661 194 1728 Telaque
212 1664 308 1713 tumea
327 1662 375 1712 viri
395 1665 424 1714 et
442 1661 483 1713 bis
503 1679 550 1714 sex
568 1661 680 1714 thoraca
697 1663 813 1729 petitum

80 1738 285 1804 i‘erfessmnque
304 1736 376 1805 lociS,
396 1738 568 1807 clipeumque
587 1755 620 1791 ex
638 1755 701 1791 aere
721 1736 847 1792 sinistrae
904 1756 927 1793 re

77 1813 207 1879 Snbligat
229 1816 312 1881 atque
330 1831 422 1867 ensem
441 1815 509 1867 celle
528 1815 670 1882 suspendit
689 1813 829 1867 eburnam.

77 1889 143 1940 'i'nm
163 1889 254 1956 socios,
274 1906 391 1958 namque
410 1890 497 1942 omnis
516 1907 577 1943 eum
595 1891 697 1958 stipata
714 1888 827 1957 tegebat

77 1964 167 2018 'i'nrba
186 1966 292 2032 ducum,
313 1967 350 2018 sic
368 1966 499 2034 incipiens
517 1967 644 2020 hortatur
661 1966 778 2022 ovantis:

77 2040 204 2094 Maxuma
223 2059 266 2094 res
286 2042 388 2108 effecta,
407 2042 475 2107 riri3
493 2042 576 2095 timer
594 2043 680 2095 omnis
697 2041 800 2111 abesto,

77 2117 155 2181 Quod
168 2123 308 2185 superest;
327 2118 392 2171 haec
406 2122 470 2172 sunt
482 2119 568 2186 spolia
580 2123 608 2172 et
621 2117 655 2171 de
667 2136 732 2188 rege
743 2116 862 2189 superbe
902 2134 926 2172 rs

77 2192 223 2258 Primitiae,
243 2194 422 2261 manibusque
441 2194 509 2246 meis
529 2194 680 2248 Mezentius
698 2193 742 2249 hic
759 2198 808 2249 est

78 2267 154 2320 Nune
173 2269 227 2322 iter·
246 2271 281 2322 ad
299 2287 392 2337 regem
411 2269 488 2322 nobis
507 2286 653 2337 murosque
673 2271 791 2325 Latinos.

78 2345 162 2396 Arma
180 2350 275 2411 parate
294 2346 396 2413 animis,
416 2350 445 2399 et
463 2363 511 2414 spe
529 2346 695 2414 praesumite
713 2346 822 2415 beilum,

76 2420 101 2471 N
103 2438 118 2472 e
137 2438 191 2489 qua
209 2438 285 2474 mora
304 2423 418 2489 ignaros,
438 2422 485 2474 ubi
504 2422 621 2490 primum
639 2422 740 2476 vellere
758 2422 836 2491 sigua

77 2496 232 2557 Adnuerint
251 2498 342 2565 superi
361 2497 517 2566 pubemque
536 2496 652 2551 educere
670 2498 774 2564 eastris,
901 2512 927 2553 w

77 2570 211 2640 inpediat,
231 2574 354 2640 segnisve
372 2578 448 2626 metu
467 2573 602 2626 sententia
617 2573 717 2627 tardet

77 2646 185 2699 Interea
205 2649 289 2699 socios
307 2647 502 2714 inhumataque
520 2665 633 2716 corpora
651 2651 741 2702 terrae

76 2722 244 2789 Mandcrnuq
265 2724 311 2793 qui
330 2723 402 2776 selus
420 2723 504 2776 henes
524 2723 680 2778 Acheronte
698 2723 749 2777 sub
766 2724 822 2777 ime
839 2728 891 2781 est

77 2799 127 2864 Ite,
147 2799 190 2863 ait,
211 2800 333 2866 egregias
353 2799 463 2865 animas,
483 2815 554 2867 quae
572 2800 704 2868 sanguiue
721 2798 800 2853 nobis

77 2872 154 2924 Hanc
171 2876 288 2943 patriam
307 2891 440 2943 peperere
459 2891 515 2942 sue,
534 2875 663 2928 decorate
682 2874 816 2942 supremis
901 2886 927 2931 8

76 2947 242 3014 Muneribus,
261 2955 448 3018 maestamque
468 2950 589 3003 Euandri
607 2951 711 3019 primus
729 2948 766 3003 ad
782 2948 883 3007 urbem

76 3024 205 3077 Mittatur
224 3026 320 3091 Pallas,
340 3042 422 3094 quem
440 3042 493 3077 nen
512 3026 622 3079 virtutis
640 3029 767 3094 egentem

80 3097 201 3152 Abstulit
219 3104 279 3154 atra
297 3100 357 3155 dies
374 3102 404 3152 ct
421 3100 517 3152 funere
534 3100 631 3154 mersit
648 3096 754 3155 acerbe.
