2032 3524
360 108 543 156 AENEIDOS
559 109 627 158 LIB.
644 107 666 155 I.
909 114 940 162 85

86 191 158 243 Saxa
176 191 274 242 vocant
294 187 359 242 Itali
377 188 475 240 mediis
494 206 565 256 quae
584 189 612 241 in
631 190 760 244 fluctibus
777 191 885 246 Aras-

86 265 203 317 Darsum
221 263 330 316 inmane
348 264 416 315 mari
436 281 556 329 summo;
576 266 627 318 tris
646 267 736 320 Eurus
754 268 789 322 ab
806 269 862 322 alto
905 280 942 322 uo

85 340 119 392 In
137 339 230 392 brevia
249 343 277 392 et
296 340 383 407 Syrtis
402 342 509 407 urguet,
527 340 682 394 miserabile
701 343 769 411 visu,

84 415 241 483 Inliditque
259 415 337 467 vadis
354 418 439 483 atque
457 433 557 484 aggere
575 417 660 484 cingit
678 436 785 474 arenae.

85 492 185 559 Unam,
206 509 276 559 quae
295 492 390 559 Lycios
410 493 550 561 fidumque
569 494 686 547 vehebat
705 495 835 564 Oronten,

84 569 175 637 Ipsius
194 571 258 621 ante
277 568 367 620 oeulos
386 569 481 635 ingens
499 586 515 621 a
534 570 638 623 vertice
654 575 754 639 pontus

84 645 118 698 In
136 644 249 713 puppim
268 645 347 698 ferit:
369 645 508 697 excutitur
527 662 685 714 pronusque
703 648 833 715 magister
903 663 940 702 115

84 720 211 773 Volvitur
228 722 256 773 in
276 724 371 787 caput3
392 724 435 772 ast
453 720 526 772 illam
546 725 590 774 ter
608 721 709 775 fluctus
724 723 825 776 ibidem

85 796 204 864 Torquet
217 814 302 864 agens
313 797 420 862 circum,
435 801 465 849 ct
476 798 589 864 rapidus
601 802 680 851 vorat
691 815 810 867 aequore
821 804 925 854 vertex

84 873 229 941 Adparent
249 873 304 925 rari
323 877 421 925 nantes
439 873 467 924 in
486 875 595 940 gurgite
613 878 697 940 vasto,

84 952 171 1002 Arma
188 952 284 1016 virum,
304 949 476 1017 tabulaeque,
495 953 524 1002 et
542 950 621 1002 'lroia
640 967 706 1018 gaza
724 968 774 1018 per
792 953 885 1005 undas.

84 1025 143 1079 Iam
161 1025 278 1078 validam
299 1025 396 1077 Ilionei
415 1042 519 1092 navem,
539 1026 593 1078 iam
611 1026 691 1079 fortis
709 1027 839 1094 Achatae,
902 1041 939 1081 120

83 1101 118 1154 Ilt
138 1119 192 1170 qua
209 1104 304 1154 uectus
323 1101 408 1165 Abas,
428 1105 457 1153 ct
476 1118 530 1168 qua
547 1102 717 1168 grandaevus
737 1102 841 1171 Aletes,

83 1177 157 1231 Vicit
176 1176 297 1245 hiemps;
316 1177 385 1229 laxis
404 1176 521 1230 laterum
540 1177 705 1245 conpagibus
723 1193 815 1230 omnes

83 1254 230 1322 Accipiunt
249 1253 387 1306 iuimicmn
406 1252 530 1319 imbrem,
550 1253 680 1321 rimisque
697 1254 832 1308 fatiscunt

118 1329 229 1383 Interea
247 1346 345 1396 magno
364 1329 470 1381 misceri
490 1345 630 1381 murmure
648 1332 769 1397 pontum,

83 1405 271 1474 llmissamque
289 1405 405 1459 hiemem
426 1406 510 1458 sensit
530 1405 676 1472 Neptunus
695 1410 723 1458 ct
741 1406 803 1458 imis
898 1418 937 1458 lat

82 1482 184 1547 Stagna
202 1481 295 1535 refusa
314 1481 398 1548 vadis,
417 1482 537 1548 graviter
556 1485 719 1535 commotus:
740 1484 768 1533 ct
786 1481 842 1535 alto

82 1557 259 1624 l'rospieicns,
279 1574 384 1610 summa
402 1557 538 1623 placidum
560 1561 641 1624 eaput
660 1557 759 1609 extulit
777 1556 858 1610 unda

82 1632 230 1685 Disiectam
251 1635 362 1685 Aeneae
381 1638 441 1688 toto
460 1633 535 1686 videt
554 1650 672 1700 aequore
691 1631 813 1696 classem,

82 1708 226 1762 Fluctibus
244 1723 386 1776 oppressos
406 1707 489 1761 'l'roas
508 1710 631 1777 caelique
651 1709 735 1776 ruina,

81 1785 139 1838 Nec
156 1784 261 1838 latuere
281 1785 335 1837 doli
353 1784 467 1837 fratrem
488 1785 600 1838 Iunonis
619 1790 648 1839 et
666 1786 728 1838 irae.
899 1799 936 1838 aaa

81 1861 184 1914 [lurum
197 1861 232 1914 ad
245 1878 276 1914 se
288 1861 496 1929 Zephyrumque
509 1866 594 1928 vocat,
608 1861 707 1914 dehine
718 1861 784 1914 talia
796 1861 884 1916 fatur:

115 1937 236 1991 Tantane
254 1955 301 1989 vos
319 1937 426 2004 generis
444 1939 534 1990 tenuit
552 1937 652 1990 fiducia
670 1937 770 1991 vestri?

82 2014 139 2065 lam
159 2014 263 2066 caelum
282 2016 440 2082 terramque
458 2029 518 2067 meo
537 2012 595 2065 sine
614 2014 731 2078 numine,
751 2013 843 2080 Venti,

84 2088 204 2151 discere,
224 2093 252 2142 et
271 2093 364 2142 tantas
381 2089 490 2143 audetis
508 2089 607 2142 tollere
624 2089 725 2142 molesl

80 2165 266 2232 Quosego-l
293 2165 348 2218 Sed
360 2169 448 2218 motos
461 2168 584 2234 praestat
597 2180 749 2232 conponere
761 2165 867 2223 fluctus.
896 2179 935 2219 185

80 2240 146 2294 Post
165 2242 230 2294 mihi
249 2258 302 2294 non
322 2242 402 2294 simili
420 2258 508 2309 poena
526 2240 669 2293 commissa
686 2241 774 2293 luetis.

81 2317 219 2370 Maturate
237 2317 338 2385 fugam,
358 2318 472 2385 regique
490 2317 557 2370 haee
576 2316 659 2370 dicite
677 2320 780 2370 vestro:

78 2393 141 2446 Non
159 2393 198 2446 illi
217 2393 350 2462 inperium
370 2394 460 2463 pelagi
480 2409 644 2460 saevumque
663 2393 820 2460 tridentem,

78 2469 133 2522 Sed
152 2470 218 2522 mihi
238 2474 312 2523 sorte
331 2470 434 2523 datum.
472 2469 558 2522 Tenet
577 2469 622 2522 ille
640 2470 758 2521 inmania
776 2485 849 2535 saxa,

80 2545 201 2613 Vestras,
222 2546 302 2614 Eure,
321 2546 431 2609 domos;
450 2544 496 2598 illa
515 2561 544 2598 se
562 2545 647 2598 iactet
666 2546 694 2597 in
712 2545 774 2597 aula
895 2557 931 2597 lla

83 2621 186 2685 Aeolus
206 2626 234 2676 et
253 2623 343 2675 clauso
361 2627 505 2675 ventorum
524 2637 632 2674 earcere
650 2624 753 2688 regnet.

112 2699 156 2752 Sic
174 2699 220 2763 ait,
240 2703 268 2751 et
287 2699 361 2752 dicto
379 2699 459 2751 citius
477 2697 583 2750 tumida
602 2714 720 2764 aequora
737 2698 834 2764 placat¹

78 2775 269 2842 Collectasque
285 2775 363 2841 fugat
381 2775 467 2827 nubes
486 2773 624 2841 solemque
644 2773 757 2826 reducit.

78 2851 228 2919 Cymothoe
246 2851 326 2903 simul
344 2855 374 2904 et
391 2852 487 2904 'l'riton
507 2850 623 2902 adnixus
642 2853 722 2902 acuto

80 2926 237 2980 lletrudunt
255 2925 331 2978 navis
349 2927 473 2996 scopulo;
491 2926 564 2978 levat
582 2927 640 2994 ipsc
659 2924 791 2990 tridenti·,
894 2937 931 2976 ms

80 3005 112 3056 at
132 3005 225 3056 vastas
242 3001 332 3070 aperit
350 3002 444 3069 Syrtis,
464 3006 492 3055 et
511 3004 647 3069 temporat
665 3016 776 3067 aequor,

79 3083 175 3150 Atque
190 3079 259 3132 rotis
278 3094 396 3131 summas
413 3078 519 3131 levibus
537 3077 689 3146 perlabitur
706 3075 798 3128 undas

80 3157 120 3207 Ae
137 3153 224 3210 relati
242 3170 343 3218 magne
357 3154 387 3208 in
403 3153 504 3224 popule
521 3169 583 3206 cum
602 3167 682 3221 saepo
699 3155 792 3206 coorta
809 3176 811 3196 ι
