2032 3524
338 113 520 162 AENEIDOS
536 113 607 163 LIB.
626 112 677 161 VI.
882 109 928 158 las

52 245 54 250 .
78 196 179 252 Omnia
195 205 344 266 poenarum
362 209 523 263 percurrere
540 192 650 245 nomina
667 191 777 260 possim.
943 246 946 252 ,

116 273 193 326 Haec
209 271 257 324 ubi
275 270 349 323 dicta
366 269 444 323 dedii
463 268 566 322 Phoebi
585 268 717 336 longaeva
734 267 874 325 sacerdos:

80 349 135 403 Sed
147 349 202 402 iam
214 364 272 416 age,
285 363 365 414 carpe
377 346 448 399 viam
461 350 491 398 ei
503 349 660 413 susceptum
675 345 776 413 perfice
787 362 900 410 munus;

80 424 284 488 Adcelerernus,
302 423 355 488 ait3
380 421 527 490 Cyclopum
547 421 647 474 educta
664 421 777 474 caminis
893 435 929 475 oss

79 500 189 554 Moenia
207 499 342 568 conspicio
359 502 443 566 atque
460 497 575 550 adverso
594 499 698 552 fornice
717 502 818 567 portas,

19 634 28 644 ,
80 577 158 630 Haec
175 576 223 629 ubi
240 592 290 628 nos
307 578 454 644 praecepta
471 574 568 627 iubent
587 574 724 642 deponere
742 575 821 628 dona.
863 580 867 589 ’

80 652 202 720 Dixerat,
219 656 249 706 ei
266 651 378 720 pariter,
395 649 484 718 gressi
502 666 552 718 per
570 666 654 719 opaca
671 653 784 718 viarum,

80 729 238 799 Corripiunt
256 727 374 796 spatium
394 727 524 794 medium,
544 727 703 796 foribusque
721 729 913 797 propinquant.

80 803 202 874 Occupat
221 804 331 858 Aeneas
349 803 463 871 aditum,
481 819 635 872 corpusque
652 806 755 858 recenti
892 818 930 858 osa

80 880 191 950 Spargis
209 896 288 949 aqua,
307 895 468 946 ramumque
487 879 600 932 adverso
620 881 647 932 iu
666 880 758 933 limine
776 879 843 947 figis

116 957 168 1010 His
187 955 296 1010 demum
315 955 425 1021 exactis,
443 955 565 1023 perfecto
582 972 695 1009 munere
713 957 800 1022 divae,

82 1032 224 1086 Devenere
242 1032 315 1084 locos
333 1031 419 1084 laetos
438 1035 468 1085 et
486 1047 600 1084 amoena
618 1032 720 1085 virecta

83 1108 294 1162 Portunatorum
311 1122 452 1160 nemorum
472 1107 607 1175 sedesque
625 1107 727 1160 beatas.

83 1183 196 1252 Largior
213 1183 257 1237 hic
274 1199 384 1252 campos
401 1184 498 1237 aether
517 1187 546 1236 et
564 1183 665 1237 lumine
682 1183 767 1236 vestit
893 1195 930 1237 ers

84 1259 230 1328 Purpureo,
249 1259 387 1328 solemque
406 1276 492 1327 suum,
511 1276 560 1312 sua
579 1259 669 1312 sidera
686 1262 794 1312 norunt.

85 1335 151 1388 Pars
169 1336 196 1388 in
213 1336 359 1404 gramineis
378 1338 507 1389 exercent
527 1335 650 1388 membra
667 1334 818 1403 palaestris,

84 1411 258 1466 contendunt
275 1411 340 1466 ludo
359 1415 388 1466 et
406 1412 480 1464 fulva
500 1412 639 1464 luctantur
656 1427 753 1477 arena3

86 1487 151 1540 Pars
169 1488 283 1556 pedibus
301 1488 435 1557 plaudunt
453 1487 565 1540 choreas
583 1490 612 1540 et
630 1487 749 1541 carmina
766 1485 868 1541 dicuni.

83 1563 109 1616 N
110 1579 141 1616 eo
158 1580 212 1617 non
231 1563 371 1617 Threicius
388 1562 469 1631 longa
486 1579 548 1616 cum
565 1567 642 1617 veste
660 1563 787 1617 sacerdos
893 1577 929 1617 sse

83 1639 249 1708 Obloquitur
266 1640 387 1692 numeris
406 1645 511 1708 septem
533 1639 688 1693 discrimina
705 1655 808 1707 vocum,

84 1715 197 1784 Iamque
215 1716 313 1770 eadem
330 1715 495 1785 digitis,·iam
515 1716 623 1783 pectine
640 1717 731 1785 pulsai
747 1715 859 1769 eburno.

83 1791 136 1845 Hic
153 1809 239 1860 genus
257 1792 401 1860 antiquum
420 1791 524 1859 Teucri,
543 1792 724 1861 pulcherrima
741 1790 839 1859 proles,

82 1866 248 1935 Magnanimi
266 1867 370 1933 heroes,
389 1867 445 1920 nati
463 1868 620 1921 melioribus
637 1868 721 1935 annis,

83 1941 195 2010 Ilusque
215 1945 419 2010 Assa-ramusque
438 1946 468 1997 et
486 1943 582 1996 Troiae
602 1944 747 1996 Dardanus
764 1946 865 1997 auctor.
893 1956 930 1997 ooo

83 2018 170 2070 Arma
187 2017 281 2086 procul
299 2032 448 2086 currusque
466 2019 554 2072 virum
573 2019 689 2073 miratur
706 2020 800 2072 inanis.

82 2092 164 2146 Stant
181 2096 258 2146 terra
275 2093 381 2148 defixae
398 2094 500 2164 hastae,
519 2096 675 2165 passimque
693 2095 775 2148 soluti

83 2168 137 2222 Per
154 2185 279 2237 campum
297 2175 445 2237 pascuntur
464 2172 535 2241 equi.
574 2172 650 2236 Quae
667 2171 757 2238 grstia
773 2186 901 2224 curruum

83 2246 286 2314 Armorumque
303 2245 358 2300 fuit
375 2247 450 2316 vivis,
469 2265 539 2317 qnae
558 2266 623 2302 cura
640 2247 753 2301 nitentis

82 2322 198 2376 Poscere
214 2338 308 2391 equos,
326 2324 424 2378 eadem
443 2325 568 2392 sequitur
586 2325 685 2378 tellure
703 2327 835 2393 repostos.
893 2335 930 2376 oss

81 2398 226 2468 Conspicit,
244 2416 314 2466 ecoe,
332 2401 399 2454 alios
418 2401 517 2454 dextra
535 2401 667 2471 laevaque
683 2418 734 2470 per
751 2398 864 2453 herbam

81 2475 225 2529 vescentis
242 2477 400 2545 laetumque
418 2477 500 2531 choro
522 2478 630 2531 Paeana
647 2477 769 2532 canentis

81 2551 160 2605 Inter
175 2551 322 2607 odoratum
340 2554 411 2607 lauri
430 2570 533 2622 nemus,
553 2553 626 2608 unde
644 2570 759 2623 superne

81 2624 219 2681 Plurimus
238 2629 351 2683 Eridani
368 2646 420 2700 per
439 2630 534 2684 silvam
552 2631 669 2684 volvitur
686 2629 781 2684 amnis.

81 2701 137 2754 Hic
153 2719 249 2758 manus
266 2705 302 2758 ob
319 2707 436 2775 patriam
454 2708 600 2776 pugnando
618 2707 727 2761 volnera
743 2702 823 2774 passi,
894 2707 932 2755 ‘sss

81 2777 189 2844 Quique
208 2781 363 2835 sacerdotes
381 2784 457 2852 casti,
476 2783 542 2836 dum
561 2784 618 2837 vita
635 2782 771 2845 manebat,

80 2852 193 2922 Quique
204 2856 243 2924 pii
260 2859 338 2910 vates
355 2861 385 2912 ei
402 2858 511 2914 Phoebo
530 2860 614 2927 digna
631 2859 722 2923 locuti,

81 2930 211 2984 Inventas
230 2936 279 2985 aut
298 2934 346 3002 qui
364 2935 609 2990 vitamexcoluero
627 2951 677 3004 per
695 2933 770 2999 artis,

79 3007 188 3076 Quique
206 3009 247 3062 sui
266 3010 400 3065 monierus
417 3012 484 3066 alios
502 3014 592 3066 fecero
611 3010 756 3074 uroro11d03

78 3083 212 3138 Omnibus
230 3085 274 3139 his
292 3085 372 3140 nivea
388 3088 534 3157 cingrmtur
552 3092 678 3154 tempora
697 3085 775 3140 vitta.
895 3096 934 3140 m

80 3159 154 3223 Quos
171 3161 348 3218 circumfusos
365 3163 464 3220 sicem
482 3164 576 3218 adfata
595 3161 705 3231 Sibylla,
