2032 3524
76 115 122 163 188
306 111 337 162 Ρ.
355 111 510 161 VERGILI
528 112 695 163 Murrorus

77 193 140 247 llcn
158 195 270 246 nimium
288 191 325 245 cle
342 195 372 247 te
388 194 473 257 vates,
491 190 604 259 Miseno,
621 191 714 249 leeutu
731 197 783 249 ert.

77 271 130 322 l'ix
150 288 183 322 cna
200 270 273 323 uuus
290 272 358 335 crat,
375 268 499 335 geminae
515 284 576 321 erun
593 268 667 323 ferte
683 268 826 325 eelumlue
896 288 933 328 ru

78 347 142 413 lpse
160 345 210 398 sub
228 363 276 399 ora
293 346 345 397 riri
362 344 437 399 caele
455 361 553 398 venere
572 344 701 411 velantes,

78 423 114 475 lit
132 421 211 475 viridi
231 422 328 475 sedere
346 421 409 475 sole.
445 421 514 474 Tum
532 436 674 475 nranmnus
691 421 773 477 heres

78 498 218 551 blaternas
237 498 380 565 adgnoscit
398 514 469 561 ares,
487 496 632 566 laetusque
649 502 791 566 precatur:

80 575 144 627 llstc
162 573 252 639 duces,
272 590 296 641 0,
314 574 337 625 si
354 590 410 641 qua
427 573 471 626 via
488 577 538 637 est
556 590 718 643 cursumque
734 591 787 643 per
803 592 887 631 uum

80 650 196 718 llirigitc
214 651 241 701 in
260 649 341 715 lucos,
359 649 407 701 ubi
426 650 554 717 pinguem
573 648 651 703 dives
667 654 766 719 opacat
895 670 933 711 us

79 726 180 779 llanms
198 726 316 778 lmnunn.
353 725 456 792 Tuque.
473 744 498 789 o,
516 724 606 778 dubiis
623 742 658 779 ne
676 726 764 781 defice
781 727 875 797 rebus,

79 801 147 854 lliva
165 818 269 871 pareus.
307 801 350 854 Sic
368 802 465 854 effatus
483 801 599 869 vestigia
615 803 723 871 pressit,

77 878 239 943 (ibscrrans,
258 894 328 946 quae
347 878 423 945 sigim
440 878 537 943 senuit,
556 895 610 945 qne
626 879 743 933 tendere
758 884 886 947 perflent.

81 954 224 1007 Pascentes
242 954 305 1007 illue
323 958 429 1007 trmtum
449 954 559 1021 prodire
578 955 699 1024 rolando,

78 1032 215 1093 erantum
234 1031 291 1083 acie
310 1036 421 1098 possent
439 1030 508 1083 oculi
527 1046 636 1083 servare
653 1034 823 1099 sequentum.
894 1047 933 1089 ne

80 1106 147 1160 lnde
166 1106 212 1159 nbi
231 1124 328 1160 venere
348 1106 384 1159 ud
401 1107 492 1159 fauces
510 1106 694 1173 graveolentis
712 1107 824 1173 Averni,

78 1182 186 1236 l'ollrmt
204 1200 232 1235 so
251 1183 361 1249 celeres,
380 1181 567 1250 liquidumque
584 1199 716 1251 peracre
731 1183 826 1252 lapsae

77 1259 193 1311 Sedibus
212 1260 312 1327 optatis
330 1259 454 1325 geminae
474 1275 556 1325 super
573 1257 670 1311 arbore
687 1258 790 1325 sidunt,

80 1334 201 1387 Discolor
218 1334 291 1387 unde
309 1335 367 1386 auri
385 1351 435 1401 per
454 1351 542 1387 ramos
561 1351 627 1387 aura
644 1333 759 1389 refulsit.

78 1411 162 1473 (Quale
180 1410 249 1463 solet
268 1409 340 1461 silvis
358 1408 475 1462 brnmuli
495 1410 598 1477 frigore
615 1409 718 1464 viseum
894 1426 935 1467 as

79 1486 186 1538 Fronde
203 1486 292 1538 virere
310 1502 385 1547 nova,
404 1486 479 1553 qued
496 1503 550 1539 non
570 1504 619 1539 sua
636 1486 753 1539 seminat
767 1484 861 1555 urbes

80 1563 113 1614 lit
131 1579 224 1615 croceo
243 1563 301 1614 fetu
320 1562 417 1615 teretis
435 1563 604 1616 circumdare
622 1568 747 1617 truuees:

76 1639 148 1690 'lulis
166 1642 226 1691 emt
245 1638 348 1705 species
367 1638 427 1691 auri
445 1639 598 1692 frendentis
616 1654 702 1707 opaea

80 1715 151 1780 llice,
169 1715 206 1766 sic
224 1714 277 1766 leni
296 1714 450 1781 crepitabat
468 1714 579 1768 bractea
596 1717 686 1769 vente.

76 1791 196 1858 Corripit
216 1791 324 1842 Aeneas
343 1791 480 1858 extemplo
499 1790 649 1859 avidusque
667 1788 795 1859 refringit
896 1806 937 1849 210

76 1868 263 1932 Cunctantem,
281 1870 310 1918 et
328 1866 397 1918 rutis
416 1870 508 1933 portui
527 1867 578 1920 sub
597 1871 671 1922 tecta
688 1865 816 1935 Sibyllae.

112 1943 136 1994 N
139 1959 169 1995 ec
187 1942 276 1995 minus
294 1943 400 1995 interea
418 1942 555 1996 Misenum
573 1943 601 1996 in
619 1943 700 1997 litere
717 1941 815 1997 Teucri

77 2019 200 2086 Flebant,
219 2023 248 2072 et
266 2019 350 2072 cineri
368 2019 476 2087 ingrato
495 2036 622 2087 suprema
638 2018 770 2073 ferebant

77 2095 212 2164 Principio
230 2096 357 2163 pinguem
377 2096 466 2149 taedis
485 2100 513 2148 et
531 2095 629 2148 robore
647 2098 721 2149 secte

77 2171 220 2240 lugentem
238 2176 364 2225 struxere
383 2189 484 2240 pyram,
503 2172 546 2224 eui
564 2170 708 2224 frondibus
724 2169 793 2225 utris
851 2234 855 2241 Ι
899 2188 939 2231 u

77 2249 208 2301 intexunt
226 2249 321 2315 latera,
341 2252 370 2302 ct
388 2249 479 2301 feralis
498 2251 561 2302 ante
580 2262 722 2317 cupressos

75 2324 260 2390 Constituunt,
279 2324 464 2392 decorantque
483 2341 565 2391 super
584 2321 752 2392 fulgentibus
767 2326 863 2381 mnus.

77 2399 144 2452 Pars
162 2399 263 2452 calidos
282 2400 375 2453 latices
393 2405 423 2453 et
442 2417 510 2453 aena
528 2401 661 2453 undantia
678 2398 795 2453 flammis

78 2475 241 2542 Impediunt,
261 2491 412 2542 corpusque
432 2477 522 2529 lavant
541 2477 666 2545 frigentis
683 2478 713 2529 et
730 2478 867 2543 manunt

77 2551 123 2604 llil
141 2551 266 2618 gemitus,
304 2552 371 2603 'lum
391 2552 514 2605 membru
533 2558 593 2607 tero
611 2552 713 2605 delleta
729 2556 883 2621 reponunt,
902 2570 940 2611 a

78 2627 287 2695 Purpureusque
307 2644 389 2695 super
407 2631 505 2693 vestes,
525 2629 658 2681 velamina
674 2629 748 2694 notu,
801 2636 807 2645 ’

76 2704 236 2757 (leniiciunt.
275 2704 342 2756 Pars
361 2704 466 2770 ingenti
484 2704 592 2758 subiere
612 2705 723 2768 feretro,

77 2779 167 2833 Triste
185 2780 374 2846 ministerium,
394 2785 423 2833 et
441 2780 590 2856 subiectam
609 2796 685 2832 more
702 2782 854 2844 puralium

78 2857 176 2909 Aversi
195 2861 309 2909 tenuere
326 2856 421 2910 lacem.
459 2856 596 2924 Congesta
612 2855 772 2909 cremantur

76 2932 165 2984 Turea
182 2931 260 2999 dona,
280 2932 370 2998 dapes
389 2933 449 2985 fuso
468 2936 590 2984 crateres
608 2931 685 2984 olivo.
904 2950 944 2993 fl

78 3008 226 3075 Postquam
244 3008 362 3076 conlapsi
381 3009 484 3060 cineres
503 3010 531 3059 et
549 3007 658 3060 llamma
676 3004 791 3075 quievit,

77 3083 215 3150 Reliquias
232 3085 295 3137 vino
314 3090 343 3138 et
361 3083 483 3136 bibulam
501 3084 592 3136 lavere
609 3082 736 3149 favillam,
795 3078 798 3083 ’

75 3159 201 3227 Ossaque
218 3160 290 3214 lecta
307 3160 374 3213 cade
393 3160 465 3214 texit
485 3159 641 3227 Ooryrraeus
658 3172 735 3214 aene.
