2032 3524
63 119 92 163 96
292 117 320 165 l'.
344 117 495 165 VllllGlLl
519 116 686 165 Massouis

64 197 204 264 Aetheria,
222 214 311 266 neque
330 198 419 252 adhuc
436 198 592 252 crudelibus
611 197 725 252 occubat
741 200 854 268 umbris,

64 274 124 326 Nou
144 278 248 339 metus;
268 275 354 327 officie
372 293 421 328 nec
439 279 468 328 te
487 281 606 328 certasse
625 276 744 343 priorem

64 351 216 403 l’oeniteat.
252 352 322 404 Sunt
341 356 369 405 et
389 353 484 405 Siculis
504 351 660 418 regionibus
678 352 760 406 urbes

64 429 200 494 Arvaque,
221 427 391 496 Troianoque
410 447 426 482 a
445 431 575 496 sanguine
594 428 682 480 clarus
702 431 827 482 Acestes
879 445 915 482 sse

64 508 224 566 Qurssatmu
242 505 331 557 ventis
351 505 431 559 liceat
450 505 601 559 subducere
619 506 740 572 classem,

64 584 99 635 Et
117 583 191 634 silvis
209 586 304 650 aptare
324 582 416 635 trabes
435 587 464 636 et
482 583 617 649 stringere
635 598 732 649 remes,

63 661 91 712 Si
109 659 191 711 datur
211 659 327 725 ltaliam,
348 660 426 712 sociis
445 664 473 713 et
492 677 557 726 rege
576 663 693 727 recepte,

63 735 193 800 Tendere,
213 740 244 788 ut
264 735 373 788 ltaliam
392 736 457 789 laeti
478 737 642 803 Latiumque
660 740 793 803 petamus,

63 812 109 863 Sin
122 811 266 879 absumpta
279 813 357 880 salus,
370 817 399 865 et
410 816 446 878 te,
458 818 537 880 pater
550 816 661 880 optume
674 811 815 876 Teucrum,
878 823 915 863 teo

63 887 166 939 Pontus
185 887 269 941 habet
288 888 396 956 Libyae,
416 905 465 941 uec
484 888 617 956 speeiem
636 890 722 940 restat
743 886 804 952 Iuli,

64 964 103 1015 At
122 964 193 1016 fretu
213 964 335 1016 Sicaniae
354 964 450 1018 saltem
469 964 604 1032 sedesque
622 966 740 1032 paratas,

63 1039 143 1091 L'mle
162 1040 213 1092 lme
232 1040 347 1107 advecti,
365 1057 514 1108 regemque
531 1044 657 1108 petamus
676 1040 802 1091 Acesten.

62 1114 171 1168 'Talibus
192 1116 325 1181 Ilioneus;
343 1117 432 1170 cuncti
451 1117 530 1168 simul
549 1132 596 1168 ere
614 1113 768 1168 fremebant

64 1189 243 1245 Dardanidae.
878 1203 915 1240 ὄω

97 1267 163 1319 Tum
184 1267 305 1320 breuiter
324 1269 403 1334 Dide,
422 1268 525 1320 voltum
544 1268 668 1334 demissa,
687 1266 826 1335 profatur:

62 1343 165 1395 Solvite
183 1344 267 1395 eorde
286 1348 397 1408 metum,
417 1343 520 1409 Teucri,
540 1343 672 1395 secludite
691 1358 779 1396 curas.

64 1419 118 1470 Itos
138 1419 207 1471 dura
226 1423 254 1471 et
273 1418 350 1485 regni
368 1418 475 1470 novitas
493 1434 537 1470 me
554 1418 620 1470 talia
638 1419 740 1484 cogunt

62 1495 160 1560 Moliri,
180 1499 208 1547 ct
227 1495 282 1548 late
300 1494 360 1546 finis
379 1493 491 1546 custode
509 1493 587 1546 tueri.

63 1572 128 1634 Quis
140 1587 225 1637 genus
240 1569 408 1636 Aeneadum,
422 1570 483 1637 quis
496 1570 592 1623 Troiae
605 1570 708 1623 nesciat
720 1569 824 1637 urbem,
876 1582 913 1622 ess

63 1647 242 1714 virtutesque
261 1646 395 1714 virosque,
413 1650 461 1698 aut
479 1647 550 1699 tanti
569 1646 695 1698 incendia
712 1645 794 1699 bcllil

62 1723 122 1774 Non
141 1723 259 1775 obtunsa
277 1722 345 1774 adeo
362 1726 502 1788 gestamus
520 1728 630 1790 pectora
650 1722 740 1788 Poeni,

63 1799 119 1851 Nee
137 1804 194 1850 tam
212 1815 323 1851 aversus
342 1815 426 1866 eques
445 1799 524 1866 Tyria
544 1799 588 1851 Sel
608 1799 696 1865 iungit
714 1797 749 1849 ab
767 1796 842 1850 urbe.

62 1875 115 1927 Seu
133 1892 180 1926 res
200 1875 361 1941 Hesperiam
379 1891 505 1941 magnam
526 1874 707 1942 Saturniaque
725 1889 797 1940 arva,

61 1950 123 2002 Sive
142 1950 235 2017 Erycis
253 1950 315 2002 finis
333 1967 481 2017 regemque
501 1951 602 2018 optatis
622 1953 749 2016 Acesten,
876 1964 914 2004 ero

62 2026 172 2077 Auxilio
191 2029 266 2078 tutes
284 2026 429 2092 dimittam,
449 2027 601 2095 opibusque
620 2027 724 2079 iuvabo.

62 2101 151 2155 Voltis
169 2106 197 2154 et
216 2102 258 2154 his
276 2119 382 2155 mecum
400 2104 504 2169 pariter
523 2102 663 2156 considere
682 2103 790 2168 regnisl

62 2178 165 2231 Urbem
185 2196 266 2246 quarn
285 2183 383 2242 statue,
402 2184 493 2232 vestra
512 2184 569 2243 est;
591 2177 734 2231 subducite
752 2180 843 2245 navim

62 2254 128 2306 Tros
147 2255 296 2323 Tyriusque
315 2255 380 2307 mihi
399 2256 472 2308 nulle
491 2256 645 2308 discrimine
664 2258 767 2321 agetur.

62 2332 157 2398 Atque
175 2331 279 2383 utinam
298 2348 347 2384 rex
365 2332 423 2399 ipse
443 2332 468 2383 N
470 2335 516 2384 ote
535 2331 688 2398 compulsus
706 2331 802 2384 cedem
875 2342 913 2385 576

61 2407 181 2459 Adleret
200 2406 321 2460 Aeneas!
347 2407 481 2476 Equidem
500 2424 550 2475 per
569 2407 649 2459 litera
667 2410 758 2460 certos

61 2483 205 2535 Dimittam
224 2487 253 2535 ct
272 2483 373 2550 Libyae
392 2483 509 2536 lustrare
528 2487 652 2536 extrema
671 2482 778 2550 iubebo,

60 2557 88 2611 Si
107 2559 204 2626 quibus
224 2560 327 2613 eiectus
346 2560 419 2612 silvis
438 2563 486 2613 aut
504 2559 618 2611 urbibus
638 2562 717 2611 errat.

96 2635 146 2686 llis
165 2636 284 2689 animum
303 2628 402 2687 arrecti
422 2635 501 2688 dictis
521 2639 550 2688 et
567 2635 646 2688 fertis
665 2635 787 2688 Achates

60 2710 95 2763 Et
113 2715 193 2777 pater
213 2715 320 2764 Aeneas
339 2712 498 2764 iamdudum
518 2728 661 2778 erumpere
680 2711 779 2763 unbem
875 2724 913 2764 ese

60 2787 211 2840 Ardebant.
251 2788 329 2839 Prior
349 2789 462 2840 Aenean
481 2787 625 2854 compellat
646 2786 781 2839 Achates:

58 2861 83 2914 N
86 2866 131 2914 ate
150 2863 209 2929 dea,
228 2880 299 2930 quae
316 2879 386 2915 nune
405 2864 493 2914 anime
512 2862 647 2915 sententia
667 2862 770 2928 surgitl

59 2937 156 2990 Omnia
175 2942 235 2991 tnta
253 2937 336 3004 vides,
355 2938 468 2990 classem
487 2938 628 3006 sociosque
647 2942 779 3004 receptos.

59 3014 135 3065 Unus
155 3013 239 3080 abest,
259 3013 350 3066 medio
369 3014 396 3065 in
415 3014 499 3066 fluctu
518 3031 599 3080 quem
619 3013 735 3065 vidimus
754 3011 806 3079 ipsi

57 3088 250 3154 Submersum;
273 3088 353 3142 dietis
371 3090 540 3157 respondent
558 3093 650 3143 cetera
667 3087 769 3140 matris.
873 3099 911 3140 see

60 3162 113 3216 Vix
131 3179 163 3216 oa
180 3163 253 3217 fatus
271 3168 338 3228 erat,
357 3181 418 3219 curn
436 3164 599 3220 circumfusa
615 3165 729 3232 repente
