2034 3944
322 109 531 157 GEORGIOON
549 111 618 160 LlB.
640 113 687 160 lV.
906 114 936 162 79

85 185 226 240 Pecuarius
245 189 327 241 etiam
345 189 443 254 fauces,
462 190 518 243 alta
536 192 606 243 ostia
625 183 712 258 Ditis,

82 263 117 315 Et
136 264 298 330 caligantem
316 265 394 333 nigra
413 266 558 320 formidine
576 268 667 320 lucum

83 342 232 408 Ingressus,
254 341 397 410 Manisque
415 343 484 395 adiit
504 343 662 411 ltcgcmque
681 347 861 413 tremendum,

82 418 106 469 N
109 419 233 485 escisque
252 417 376 471 humanis
395 421 520 488 precibus
540 437 728 473 mansuescere
747 422 836 475 corda.
899 436 936 478 a'e

82 498 121 547 At
139 500 220 547 cantu
239 499 389 549 commotae
410 496 493 550 Erebi
513 498 548 551 de
567 496 677 550 sedibus
694 497 756 550 imis

82 571 202 624 Umbrae
219 572 296 625 ibant
315 577 410 626 tenues
430 574 629 642 simulacraque
647 572 707 626 luce
729 577 878 642 carentum,

82 649 168 712 Quam
187 650 273 702 multa
292 651 318 702 in
337 651 407 703 foliis
426 651 516 704 avium
536 668 565 705 se
584 651 656 704 milia
674 651 801 716 condunt,

83 723 188 792 Vesper
205 725 253 778 ubi
272 731 320 780 aut
337 727 466 780 hibernus
485 729 543 796 agit
562 728 597 780 de
616 727 754 790 montibus
772 727 866 790 imber,

50 868 52 871 Ι
81 801 184 854 Matres
203 807 286 871 atque
305 804 362 869 riri,
383 804 566 873 defunctaque
584 821 697 872 corpora
715 803 773 856 vita
899 816 935 855 47⁵

81 877 283 944 Magnanimum
302 881 423 948 heroum,
442 882 520 949 pueri
539 882 725 948 innuptaeque
743 878 856 947 puellae,

82 953 251 1022 lnpositique
270 958 343 1024 rogis
361 959 471 1010 iuvenes
490 962 554 1011 ante
572 974 620 1010 ora
637 961 797 1025 parentum;

81 1030 154 1093 Quos
172 1033 271 1084 circum
290 1033 369 1085 limus
387 1035 465 1101 niger
484 1039 513 1088 et
532 1034 660 1087 deformis
678 1032 784 1084 arundo

81 1106 173 1173 Cocyti
192 1108 326 1177 tardaque
345 1111 423 1178 palus
442 1110 594 1164 inamabilis
613 1109 686 1161 unda

82 1182 192 1249 diligat,
211 1187 240 1236 et
259 1187 371 1238 noricus
390 1187 456 1254 Styx
476 1186 610 1238 interfusa
628 1187 744 1237 coercet.
898 1195 936 1235 eso

79 1258 150 1321 Quin
168 1260 242 1327 ipsae
261 1265 390 1329 stupuere
410 1262 506 1315 domus
526 1265 610 1329 atque
628 1261 725 1313 intima
743 1259 806 1312 Leti

79 1333 195 1387 Tartara
212 1338 406 1406 caeruleosque
424 1339 550 1406 inplexae
568 1336 689 1390 crinibus
709 1337 804 1402 anguis

79 1409 251 1479 Eumenides,
271 1415 414 1483 tenuitque
432 1414 538 1468 inhians
556 1415 610 1467 tria
630 1413 840 1478 Cerberusora,

79 1486 174 1554 Atque
193 1488 291 1542 Ixionii
309 1497 391 1543 vento
409 1495 470 1544 rota
487 1490 612 1544 constitit
631 1488 714 1542 orbis.

80 1562 193 1629 Iamque
212 1564 310 1632 pedem
329 1568 449 1630 referens
468 1583 545 1618 casus
563 1569 688 1618 evaserat
705 1564 800 1630 omnis,
898 1575 935 1618 485

78 1638 254 1708 Redditaque
275 1641 407 1709 Eurydice
426 1658 538 1710 superas
557 1641 684 1694 veniebat
704 1639 739 1693 ad
757 1655 847 1704 auras,

80 1713 153 1766 Pone
195 1733 470 1786 sequens-namque
506 1717 575 1770 hanc
608 1716 727 1770 dederat
770 1714 934 1781 Proserpina

147 1791 272 1858 legem-

77 1864 148 1918 Cum
168 1867 258 1920 subita
277 1869 415 1922 incautum
434 1869 573 1923 dementia
591 1869 664 1936 cepit
682 1869 829 1934 amantem,

79 1939 249 2007 ignoscenda
268 1944 385 2012 quidem,
404 1947 505 1999 scirent
524 1946 546 1998 si
563 1946 701 2013 ignoscere
721 1944 830 1995 Manes:

78 2016 200 2083 Restitit,
222 2020 428 2088 Eurydicenque
447 2039 531 2087 suani,
549 2022 603 2074 iam
622 2020 682 2072 luce
698 2018 751 2071 sub
767 2019 834 2086 ipsa,
898 2032 935 2070 roo

79 2093 224 2158 Inmemor,
244 2096 310 2148 heu!
334 2097 475 2164 victusque
493 2097 575 2149 animi
595 2094 721 2161 respexit.
761 2093 803 2146 lbi
822 2093 909 2146 omnis

80 2169 186 2221 Effusus
205 2171 288 2237 labor,
308 2175 392 2239 atque
410 2173 513 2226 inmitis
530 2177 612 2238 rupta
630 2169 736 2237 tyranni

79 2244 212 2311 Foedera,
232 2250 331 2314 terque
349 2248 443 2316 fragor
460 2247 564 2315 stagnis
582 2245 692 2298 auditus
711 2245 835 2297 Auernis.

77 2319 136 2384 Illa,
165 2322 229 2385 Quis
257 2325 286 2375 et
313 2341 364 2391 me,
392 2324 489 2392 inquit,
520 2323 654 2386 miseram,
685 2323 714 2373 et
744 2322 772 2373 te
802 2319 933 2388 perdidit,

149 2397 267 2466 Orpheo,

78 2472 145 2536 Quis
164 2477 256 2527 tantus
275 2476 368 2529 surorl
388 2476 430 2528 En
448 2475 548 2528 iterum
567 2473 689 2528 crudelia
708 2475 782 2525 retro
900 2487 935 2526 sos

78 2548 147 2601 Fata
165 2555 267 2615 vocant,
287 2551 434 2618 conditque
453 2550 576 2603 natantia
593 2548 694 2602 lumina
712 2564 827 2602 somnus

78 2624 192 2692 lamque
211 2628 285 2681 vale:
302 2627 377 2680 feror
394 2626 497 2693 ingenti
518 2624 686 2679 circumdata
703 2628 790 2690 noete,

79 2699 271 2771 Invalidasque
291 2703 341 2755 tibi
360 2703 484 2767 tendens,
504 2702 629 2755 hennon
648 2705 703 2766 tna,
722 2701 839 2767 palmas!

78 2775 163 2844 Dixit,
184 2781 265 2832 etex
285 2779 368 2831 oculis
388 2779 486 2845 subit0,
505 2795 555 2832 ceu
572 2778 663 2831 fumus
680 2777 707 2830 iu
725 2793 806 2828 aunis

78 2851 248 2908 Commixtus
268 2855 366 2919 tenuis,
385 2855 454 2922 fugit
474 2854 590 2922 diversa,
608 2869 697 2921 neque
714 2852 799 2916 illum,
894 2864 934 2904 eoo

78 2929 257 2983 Pronsautem
277 2932 442 2999 nequiquam
461 2930 571 2983 umbras
590 2933 618 2982 01
636 2929 722 2981 11111110
740 2926 875 2981 volentem

78 3002 184 3072 Dicere,
204 3016 347 3074 praeterea
364 3007 449 3072 ridit;
465 3023 515 3059 nec
533 3007 651 3074 portitor
670 3003 734 3056 Orci

79 3082 205 3151 Amplius
224 3082 358 3135 obiectam
376 3099 472 3150 passus
490 3083 606 3135 transire
623 3079 759 3148 paludem.

77 3158 150 3223 Quid
168 3158 289 3212 faceretl
308 3175 361 3227 quo
380 3174 409 3212 sc
427 3162 508 3227 rapta
525 3157 568 3211 bis
586 3157 700 3222 coningo
718 3155 822 3212 ferreti
