2032 3524
354 115 536 164 AENEIDOS
554 117 623 164 LIB.
644 116 664 164 l.
907 115 936 163 8³

84 193 136 246 His
156 209 268 248 accensa
286 195 499 262 superiactatos
517 213 636 264 aequore
654 197 713 248 toto

82 269 174 338 Troas,
192 270 320 337 reliquias
339 271 463 322 Danaum
482 274 566 339 atque
584 273 687 325 inmitis
706 272 813 340 Achilli,

83 346 206 399 Areebat
224 346 304 412 longe
325 346 410 412 Latio,
431 348 585 415 multosque
603 365 654 415 per
672 365 755 400 annos

83 422 227 486 Errabant,
245 422 298 474 aeti
317 422 388 490 fatis,
406 423 492 475 maria
511 425 600 475 omnia
618 424 725 476 eircrun.

82 496 185 551 Tantae
203 498 280 550 molis
300 502 359 551 erat
380 499 530 552 Romanam
550 499 668 552 condere
686 504 803 566 gentem.

118 575 172 626 Vix
191 591 206 627 e
224 578 369 642 conspeetu
389 575 495 628 Siculae
514 575 620 628 telluris
638 576 665 627 in
683 575 768 628 altum
908 640 911 646 Ι

84 651 154 704 Vela
172 650 275 703 dabant
293 651 365 717 laeti,
386 655 415 704 et
433 667 543 719 spumas
562 652 625 704 salio
644 668 707 704 aere
724 652 848 719 ruebant,

83 728 152 782 Cum
171 727 247 792 Iuno,
266 731 409 780 aeternum
429 744 539 780 servans
558 728 609 787 sub
627 732 738 796 pectore
756 729 858 795 volnus,

49 827 51 831 ¹
83 803 160 857 Haec
179 821 284 857 seeum:
304 803 386 856 Mene
403 804 512 873 incepto
533 803 665 858 desistere
684 805 791 873 vietam,

84 879 142 934 Nee
159 896 239 948 posse
259 879 341 934 ltalia
359 880 524 932 Teucrorum
544 884 669 933 avertere
687 883 797 948 regem?

84 955 188 1024 Quippe
207 961 285 1009 vetor
302 957 373 1010 fatis.
413 956 537 1009 Pallasne
556 973 672 1009 exurere
690 957 802 1009 classem

84 1034 216 1100 Argivom
234 1035 318 1101 atque
336 1033 408 1101 ipsos
426 1033 515 1101 potuit
534 1033 709 1100 submergere
726 1036 818 1099 ponto,

83 1109 170 1163 Unius
188 1109 223 1162 ob
241 1126 340 1162 noxam
359 1112 388 1160 et
406 1109 489 1161 furias
509 1109 601 1160 Aiacis
621 1108 705 1160 Oileil

84 1186 155 1254 Ipsa,
175 1186 247 1238 Iovis
265 1186 391 1254 rapidum
409 1185 525 1237 iaculata
543 1201 558 1237 e
577 1183 692 1236 nubibus
710 1185 807 1251 ignem,

84 1261 251 1331 Disiecitque
269 1267 343 1315 rates
363 1262 518 1330 evertitque
537 1277 654 1329 aequora
672 1261 766 1325 nentia,

83 1338 164 1392 Illum
183 1340 366 1407 exspirantem
386 1339 518 1391 transfixo
537 1339 649 1406 pectore
668 1336 790 1389 flammas

83 1414 201 1468 Turbine
219 1417 348 1483 corripuit
367 1417 532 1483 scopuloque
550 1413 640 1466 infixit
659 1417 754 1478 acuto;

83 1492 137 1544 Ast
157 1509 214 1560 ego,
234 1485 310 1560 quae'
322 1492 412 1544 divom
430 1491 526 1544 incedo
545 1491 645 1558 regina,
666 1490 792 1556 Iovisque

83 1568 119 1620 nt
138 1585 213 1621 soror
231 1572 260 1621 et
278 1569 398 1637 coniunx,
418 1586 471 1621 una
490 1584 551 1620 cum
570 1569 651 1633 gente
671 1568 714 1617 tot
732 1581 814 1618 annos

83 1644 161 1698 Bella
177 1663 251 1713 gero.
288 1645 325 1697 Et
343 1646 484 1712 quisquam
503 1660 604 1695 numen
625 1642 734 1694 Iunonis
752 1641 849 1693 adorat

84 1721 238 1789 Praeterea,
257 1727 304 1775 aut
324 1721 437 1790 supplex
456 1721 509 1773 aris
527 1719 633 1786 inponit
651 1718 796 1770 houoreml

117 1799 191 1852 Talia
209 1799 346 1852 flammato
366 1816 456 1851 seeum
475 1797 526 1849 dea
545 1795 626 1848 corde
645 1796 769 1848 volutans
911 1807 936 1845 oo

83 1875 244 1928 Nimborum
260 1875 288 1926 in
306 1875 429 1942 patriam,
448 1873 506 1926 loca
524 1873 581 1924 feta
600 1871 754 1924 furentibus
771 1871 878 1933 austris,

83 1952 207 2004 Aeoliam
225 1952 308 2003 venit.
346 1951 398 2002 Hie
417 1953 494 2002 vasto
512 1965 560 2001 rex
581 1948 684 2001 Aeolus
703 1951 781 1999 antro

83 2027 225 2081 Luctantis
246 2029 341 2079 ventos
359 2027 593 2092 tempestatesque
613 2040 721 2076 sonoras

83 2103 194 2170 Inperio
212 2102 313 2170 premit
332 2119 363 2154 ac
381 2099 474 2151 vinclis
493 2102 522 2151 et
540 2115 648 2150 earcere
666 2099 761 2150 frenat.

83 2180 128 2233 Illi
145 2178 319 2246 indignantes
337 2193 436 2243 magno
454 2192 515 2228 cum
533 2190 671 2225 murmure
689 2174 788 2225 montis
911 2190 935 2228 55

83 2257 190 2310 Circum
209 2256 326 2308 claustra
344 2254 480 2317 fremunt;
497 2251 569 2304 celsa
587 2249 666 2302 sedet
685 2249 787 2301 Aeolus
805 2266 866 2304 aree

83 2333 196 2402 Sceptra
215 2337 319 2398 tenens,
337 2331 480 2398 mollitque
498 2327 601 2380 animos
620 2330 649 2378 et
666 2328 803 2392 temperat
819 2326 887 2392 iras3
928 2353 932 2363 ·

83 2410 119 2462 Ni
136 2409 226 2477 faciat,
244 2410 329 2462 maria
348 2425 379 2462 ac
397 2410 485 2459 terras
500 2404 659 2471 caelumque
677 2401 843 2470 profundum

84 2488 191 2555 Quippe
208 2487 299 2540 ferant
317 2485 405 2554 rapidi
424 2500 514 2537 seeum
533 2484 697 2548 verrantque
715 2496 765 2547 per
782 2495 871 2533 auras.

84 2563 138 2616 Sed
156 2569 235 2632 pater
253 2564 424 2631 omnipotens
444 2560 576 2628 speluncis
594 2556 701 2611 abdidit
719 2556 793 2622 atris,
911 2567 935 2606 oo

85 2639 146 2693 Iloc
163 2644 295 2706 metuens
313 2640 466 2706 molemque
486 2639 514 2689 et
532 2635 633 2688 montis
651 2635 762 2700 insuper
779 2631 849 2684 altos
962 2632 964 2635 ’

84 2714 216 2785 Inposuit,
235 2733 383 2785 regemque
402 2713 488 2783 dedit,
507 2713 552 2781 qui
569 2711 680 2763 foedere
698 2711 773 2762 certo

83 2787 121 2846 Et
137 2810 263 2862 premere
282 2796 311 2845 et
328 2795 405 2846 laxas
424 2793 504 2845 sciret
523 2789 589 2842 dare
607 2788 694 2840 iussus
712 2783 837 2836 habenas.

84 2869 133 2923 Ad
150 2887 232 2938 quem
250 2872 308 2922 tum
327 2870 396 2922 Iuno
414 2868 528 2936 supplex
546 2865 588 2917 his
605 2863 714 2916 vocibus
732 2876 781 2912 usa
799 2862 856 2912 ost:

120 2948 215 3014 Aeolo,
223 2945 400 3013 namquetibi
408 2945 497 2996 divom
510 2945 590 3010 pater
602 2943 684 3007 atque
692 2936 831 2988 hominum
838 2949 887 2986 rex

84 3023 122 3077 nt
139 3024 258 3079 mulcere
278 3021 355 3074 dedit
372 3021 471 3074 fluetus
489 3022 518 3072 et
536 3018 632 3070 tollere
651 3016 738 3078 vento,

85 3101 160 3156 Gens
176 3099 286 3155 inimica
303 3097 369 3150 mihi
387 3095 554 3163 Tyrrhenum
572 3092 684 3157 navigat
701 3103 809 3154 aequor,

87 3175 213 3232 illumin
232 3173 341 3229 Italiam
359 3174 471 3242 portans
488 3170 629 3230 victosque
647 3163 772 3220 Penatis·
