2032 3524
102 116 131 164 76
338 112 365 161 i‘.
387 112 541 162 VERGlLI
558 115 728 167 mancius

103 198 183 264 Aque
201 194 276 248 Chae
295 193 394 247 denses
413 194 503 248 divom
522 197 684 252 numerabat
701 212 817 257 amores.

102 271 228 324 (larmiue
246 286 299 337 quo
317 276 412 337 captae
431 269 496 323 dum
514 271 582 325 lusis
599 273 691 327 mollia
708 292 796 343 prensa

104 347 261 405 llerulrunt,
280 346 379 399 iterum
398 352 536 399 maternas
553 348 653 415 inpulit
670 352 747 405 auris

103 424 203 476 laetus
223 422 351 487 Aristaei,
369 422 517 491 vitreisque
535 424 666 479 sedilibus
684 444 779 482 omnes

101 500 279 566 ‹llistipuerm
300 498 349 551 sed
368 504 432 552 ante
449 500 516 553 alias
537 502 676 555 Arethusa
694 520 803 558 soreres

103 576 270 643 l‘raspiciens
289 592 394 630 summa
411 575 510 628 ssavum
528 581 611 645 caput
629 578 730 632 extulit
747 580 830 649 unda,

101 652 135 704 lit
153 652 259 719 precul:
280 652 303 704 Ο
322 652 426 718 gemitu
445 669 498 705 uon
515 653 620 706 frustra
637 656 772 709 exterrita
789 660 876 725 tante,

100 732 204 796 Cyrene
222 745 306 793 seror,
324 728 383 794 ipse
400 727 458 794 tibi,
477 732 525 781 tua
542 745 669 783 maxuma
686 746 758 797 eura,

99 805 194 858 Tristis
214 805 356 857 Aristaeus
376 804 458 857 Penei
477 805 609 872 genitoris
628 806 664 858 ud
681 807 783 861 undam
917 826 956 866 scs

99 884 160 934 tltat
178 881 328 939 lacrimans.
347 886 375 934 et
392 886 422 934 te
439 881 577 934 crudelem
596 883 706 936 nemine
724 883 800 939 dicit

100 958 170 1010 lluic
188 974 317 1026 pereussa
334 974 403 1010 nova
421 960 542 1011 mentem
560 957 705 1012 fermidine
722 963 821 1028 mater,

98 1033 165 1101 Due,
183 1052 241 1102 age,
261 1034 314 1086 duc
332 1033 368 1086 ad
386 1050 450 1097 n0s;
467 1033 509 1086 fas
527 1032 566 1085 illi
585 1033 680 1086 limina
698 1034 791 1089 divom

97 1109 227 1178 Tangere,
246 1112 290 1165 uit
328 1110 413 1164 Simul
432 1110 488 1163 ulta
505 1110 583 1163 iubet
602 1109 745 1165 discedere
762 1111 820 1179 late

97 1186 232 1256 Flumina,
246 1204 302 1255 qua
319 1187 422 1239 iuvenis
440 1202 549 1253 gressus
567 1186 689 1239 inferret.
729 1188 768 1241 At
784 1188 862 1243 illum
912 1205 951 1245 scr

97 1262 214 1317 Curvata
231 1267 259 1316 in
277 1263 378 1315 mentis
395 1262 492 1315 facicm
511 1262 692 1316 circumstetit
708 1263 784 1317 unda

97 1341 267 1408 decepitque
286 1341 345 1391 sinu
363 1344 440 1391 vaste
458 1339 588 1407 misitque
607 1339 658 1392 sub
674 1356 793 1394 amnem.

97 1415 210 1483 lamque
228 1416 338 1468 demum
356 1415 457 1467 mirans
476 1416 621 1482 genetricis
640 1420 669 1468 ct
685 1414 797 1469 humida
813 1428 905 1486 regns·

95 1491 289 1558 Speluncisque
308 1491 380 1543 lacus
398 1490 501 1543 clauses
519 1491 648 1559 lucesque
666 1492 788 1545 sonantis

96 1566 165 1632 lbat,
184 1571 213 1620 et
231 1568 334 1634 ingenti
352 1570 428 1620 motu
447 1568 616 1635 stupefactus
634 1584 769 1636 aquarum
909 1584 948 1625 ω

95 1643 193 1697 Omnia
210 1644 261 1697 sub
278 1662 377 1711 inagna
394 1643 515 1697 labentia
533 1643 645 1697 flumina
663 1647 738 1698 terra

94 1719 240 1787 Spectabat
259 1720 367 1773 diversa
385 1721 457 1785 locis,
477 1720 648 1787 Phasimque,
667 1720 832 1789 Lycumque,

96 1795 130 1848 llt
148 1801 236 1864 eaput,
255 1796 328 1849 unde
347 1797 418 1849 altus
436 1797 554 1863 primum
573 1814 602 1849 se
621 1797 739 1865 erumpit
757 1796 886 1866 Enipeus,

94 1871 175 1924 Unde
193 1877 272 1942 pater
291 1873 441 1938 Tiberinus,
461 1877 489 1926 et
507 1875 581 1926 unde
600 1874 708 1926 Aniena
723 1871 836 1941 fluenta,

93 1948 265 2017 Saxesusque
284 1966 380 2002 sanans
400 1949 529 2017 llypauis,
549 1950 697 2018 Mysusque
715 1947 820 2016 Caicus,
909 1964 948 2007 πθ

92 2024 129 2078 Et
147 2026 253 2092 gemina
271 2029 382 2079 auratus
399 2027 507 2079 taurino
526 2043 625 2079 cernua
643 2026 718 2079 voltu

93 2101 233 2168 Eridanus,
253 2120 306 2171 que
324 2119 377 2155 nen
396 2103 463 2156 alius
481 2120 530 2171 per
547 2102 660 2171 pinguia
677 2101 751 2156 culta

92 2176 125 2230 In
143 2195 216 2232 mare
234 2196 401 2248 purpureum
421 2180 564 2233 violentior
583 2178 669 2232 effluit
686 2178 779 2232 amnis.

92 2255 238 2324 Postquam
257 2256 344 2309 estin
363 2256 475 2309 thalami
493 2246 641 2324 pendentia
658 2254 765 2323 pumice
782 2254 861 2309 tecta

91 2329 264 2399 Perventum,
283 2336 312 2385 et
329 2333 387 2384 nati
406 2331 486 2384 lletus
505 2332 631 2398 cognorit
649 2332 736 2384 inanis
907 2342 946 2387 m

91 2406 201 2475 Cyrene,
221 2408 344 2460 manibus
361 2407 480 2476 liquidos
500 2407 567 2460 dant
585 2407 680 2460 ordine
697 2407 781 2461 fontis

90 2484 247 2549 Germanae,
266 2485 405 2550 tonsisque
422 2484 514 2537 ferunt
533 2484 662 2545 mantelia
682 2483 768 2548 villis;

92 2559 157 2612 Pars
175 2561 262 2628 epulis
280 2563 394 2612 onerant
412 2577 525 2627 mensas,
545 2563 574 2613 et
592 2560 672 2628 plena
690 2562 827 2627 reponunt

90 2635 202 2701 l'oeula3
223 2636 371 2689 Panchaeis
390 2637 549 2691 adolescunt
567 2635 677 2704 ignibus
695 2652 773 2701 arae3

89 2711 126 2764 Et
143 2717 239 2779 mater,
258 2712 331 2778 Oape
350 2713 468 2766 Maeonii
486 2713 623 2766 carchesia
642 2710 758 2765 Bac'chi:
904 2722 945 2765 ut

89 2787 196 2841 Oceano
213 2788 336 2855 libemus,
354 2790 399 2843 ait.
436 2790 521 2843 Simul
541 2790 600 2857 ipsa
618 2791 748 2857 precatur

88 2861 280 2934 Oceanumque
297 2868 403 2932 patrem
421 2882 512 2918 rerum
531 2864 727 2933 Nymphasque
746 2876 863 2931 serm,

88 2939 205 2994 Centum
223 2958 293 3009 quae
312 2942 399 3006 silvas,
418 2945 527 2994 centum
546 2957 616 3009 quae
635 2938 746 2992 flumina
763 2938 882 3005 servm

88 3014 140 3068 Ter
157 3017 259 3084 liquido
278 3017 419 3070 ardentem
438 3017 560 3085 perfudit
578 3020 688 3069 nectare
706 3014 829 3077 Vestam,
865 3038 873 3053 ·

87 3090 140 3143 Ter
157 3092 265 3146 llanrma
282 3093 318 3146 ad
336 3110 470 3146 summum
489 3093 557 3147 tecti
575 3091 697 3145 subiecta
714 3088 825 3144 reluxit.
904 3100 944 3147 u

87 3165 184 3219 Omine
202 3183 256 3234 que
273 3169 384 3221 firmans
401 3169 520 3221 animum
539 3168 578 3222 sic
594 3167 690 3235 incipit
707 3165 782 3234 ipsa:
878 3188 881 3193 ·
