2032 3524
339 120 524 172 AENEIDOS
542 121 610 169 LIB.
630 122 687 176 XI.v
705 172 706 175 1
886 128 930 174 311

72 201 213 256 'Succedat
230 215 339 268 pugnae
358 199 541 266 Troianosque
560 204 652 254 arceat
669 201 744 255 urbe.

79 278 193 345 Iamque
212 275 279 329 vale.
316 275 401 328 Simul
418 275 460 327 his
479 275 561 328 dictis
578 276 719 344 linquebat
737 278 864 347 habenas,
918 323 919 326 ,

79 353 126 406 Ad
144 357 247 406 terram
265 368 319 403 nen
338 354 434 418 sponte
452 351 545 403 fluens.
583 352 650 403 Tum
669 352 770 419 frigida
788 357 848 406 tote

79 423 214 482 Paulatim
234 426 349 481 exsolvit
369 444 537 495 0000111010,
556 427 685 495 lentaque
704 429 771 482 cella

79 505 115 558 hit
133 508 243 572 captum
262 504 316 555 lete
334 504 426 570 posuit
444 507 533 570 eaput,
553 520 629 556 arma
646 503 811 571 relinquens,
894 519 932 558 sac

81 581 199 648 Vitaque
217 596 278 632 cum
296 580 401 645 gemitu
419 579 489 645 fugit
507 579 649 645 indignata
668 579 718 632 sub
736 580 853 634 umbras.

80 657 147 710 Tum
159 672 223 708 vcro
241 655 379 706 inmensus
398 671 511 721 surgens
529 655 594 707 ferit
612 671 695 708 aurea
712 656 813 708 clamer

81 732 191 796 Sidera3
210 731 316 783 deiecta
334 730 470 783 crudescit
487 747 578 797 pugna
597 731 711 784 Camilla
721 753 727 796 ;

84 808 229 860 Incurrunt
248 806 326 858 densi
345 805 425 858 simul
443 807 530 858 01111110
549 807 626 879 copia
645 806 778 860 Teucrum

81 884 267 950 Tyrrhenique
286 882 370 934 duces
389 882 565 949 Euandrique
585 883 709 935 Arcades
727 883 792 937 alae.
899 898 935 936 sas

116 961 156 1012 At
175 959 281 1011 Triviae
299 961 391 1010 eustos
409 957 568 1009 iamdudum
588 958 615 1008 in
634 959 772 1011 montibus
791 957 859 1026 Opis

82 1035 149 1087 Alta
167 1035 245 1087 sedet
263 1034 382 1099 summis
402 1037 562 1100 spectatque
580 1034 707 1086 interrita
724 1051 837 1101 pugnae.

81 1110 175 1178 thue
192 1109 286 1177 procul
304 1109 394 1162 medio
413 1109 540 1161 iuvenum
558 1109 586 1161 111
605 1110 721 1162 clamore
739 1109 880 1162 furentum

82 1184 226 1252 Prospexit
244 1185 317 1237 tristi
336 1184 480 1237 multatam
498 1189 586 1236 morte
607 1184 756 1250 Camillam,

83 1260 275 1328 Ingemuitqne
294 1261 426 1327 deditque
444 1260 492 1311 has
511 1260 565 1312 imo
583 1263 695 1328 pectore
714 1277 808 1313 voces:
898 1273 935 1313 040

83 1338 146 1390 Heu
164 1338 283 1401 nimium,
303 1338 386 1403 virgo,
406 1337 518 1388 nimium
537 1336 647 1389 crudele
665 1336 741 1389 luisti

82 1413 256 1481 Supplicium,
276 1414 393 1466 Teucros
412 1416 507 1464 conata
526 1413 658 1466 lacessere
677 1412 766 1466 belle!

84 1487 139 1542 Nec
157 1489 209 1542 tibi
228 1489 354 1541 desertae
372 1489 399 1540 in
418 1488 508 1540 dumis
527 1489 640 1540 coluisse
659 1488 776 1541 Dianam

83 1563 197 1632 Profuit,
215 1568 264 1617 aut
281 1569 388 1616 uestras
406 1563 520 1616 1111111010
538 1563 655 1630 gessisse
674 1564 795 1630 sagittas.

82 1640 106 1694 N
110 1658 143 1693 on
162 1644 253 1694 tamen
271 1640 426 1692 indecorem
444 1643 492 1692 tua
510 1643 539 1692 te
557 1639 651 1705 regina
669 1639 781 1706 reliquit
899 1654 935 1692 aas

82 1714 214 1769 letrema
231 1717 284 1768 iam
303 1716 330 1767 in
349 1719 452 1780 morte;
471 1732 559 1782 neque
578 1715 628 1767 hoc
647 1715 705 1767 sinc
723 1715 831 1767 nomine
849 1713 935 1768 letum

83 1791 137 1844 Per
154 1792 244 1858 gentis
262 1792 323 1857 0111,
344 1794 391 1843 aut
409 1792 509 1844 famam
528 1791 641 1858 patieris
660 1791 771 1844 inultae.

83 1867 153 1919 Nam
172 1867 336 1934 quicumque
356 1871 435 1919 tuum
453 1867 564 1920 violavit
583 1866 692 1918 volnere
711 1884 814 1934 cerpus,
872 1927 873 1930 ¹

83 1942 173 1995 Morte
192 1943 250 1996 luet
268 1944 372 1996 merita.
413 1942 477 1994 Fuit
496 1943 590 2009 ingens
610 1947 703 1995 monte
722 1943 772 1995 sub
790 1943 845 1995 alto

83 2018 167 2086 Regis
186 2020 321 2072 Dercenni
340 2023 450 2072 terreno
467 2035 501 2070 er
520 2035 619 2084 aggere
638 2018 748 2071 bustum
898 2033 936 2073 ste

84 2095 200 2162 Antiqui
218 2095 370 2160 Laurentis,
390 2110 529 2163 opacaque
548 2094 608 2146 ilice
626 2097 747 2157 tectum3

85 2168 137 2222 Hic
155 2171 208 2223 dea
226 2187 255 2224 se
272 2172 391 2238 primum
409 2169 505 2238 rapido
525 2169 706 2237 pulcherrima
725 2170 785 2221 nisu

83 2245 162 2299 Sistit
180 2250 209 2299 ot
228 2247 379 2298 Arruntem
397 2245 501 2298 tumulo
521 2245 675 2311 speculatur
693 2245 728 2297 ab
746 2246 808 2298 alte.

85 2321 123 2373 Ut
140 2322 210 2375 vidit
227 2322 378 2388 fulgentem
397 2321 479 2372 armis
498 2338 529 2372 ac
547 2337 615 2372 vana
634 2324 801 2383 tumentcm3

85 2396 146 2463 Dur,
165 2397 262 2463 inquit,
281 2397 404 2450 diversus
423 2396 502 2448 abiel
521 2395 573 2447 huc
592 2395 679 2462 dirige
697 2411 827 2462 gressum,
899 2408 936 2447 cet

85 2471 147 2524 Huc
164 2472 287 2539 periture
304 2473 373 2537 veni,
392 2473 482 2539 capias
499 2474 531 2522 ut
550 2471 632 2536 digna
652 2471 780 2523 Camillae

85 2547 217 2601 Praemia.
252 2547 328 2600 Tune
346 2548 429 2600 etiam
447 2547 510 2599 telis
528 2546 645 2597 moriere
664 2546 788 2598 Dianae?

65 2639 67 2642 ·
87 2622 169 2688 Dixit,
188 2626 216 2674 et
234 2626 329 2674 aurata
347 2623 484 2674 volucrem
503 2620 630 2673 Threissa
647 2622 774 2687 sagittam

88 2697 262 2765 Deprompsit
278 2698 414 2765 pharetra,
433 2712 570 2764 cornuque
589 2697 693 2748 infensa
711 2693 836 2760 tetendit,

88 2773 121 2825 111
140 2772 219 2824 duxit
238 2774 324 2840 longe,
344 2773 431 2825 donec
449 2776 561 2824 curvata
579 2771 683 2824 coirent
899 2781 935 2820 see

86 2849 163 2901 111101
181 2865 210 2902 se
229 2849 324 2916 capita,
343 2852 372 2901 ct
391 2849 515 2900 manibus
533 2847 587 2898 iam
606 2849 733 2913 tangeret
753 2845 853 2912 aequis,

85 2922 175 2976 Laeva
193 2923 278 2975 aciem
296 2923 369 2989 ferri,
389 2923 488 2975 dextra
504 2938 642 2989 nervoque
660 2922 796 2989 papillam.

86 2998 230 3066 Extemplo
248 2997 296 3051 teli
316 2998 462 3050 stridorem
480 3013 614 3064 aurasque
634 2997 754 3050 sonantis

86 3073 185 3126 Audiit
202 3091 257 3135 una
275 3075 391 3140 Arruns,
409 3073 552 3140 haesitque
570 3073 598 3124 in
617 3088 729 3140 corpere
748 3072 860 3124 ferrum.

83 3149 169 3208 ,Illum
182 3150 366 3217 exspirantem
379 3149 443 3202 socii
456 3152 539 3215 atque
552 3151 676 3202 extrema
688 3150 841 3214 gementem
898 3157 934 3195 ses
