2032 3524
363 108 550 157 AnNEIDos
566 109 635 158 LIB.
654 109 733 157 VIII.
927 109 973 156 241

128 187 227 240 Fertur
245 205 323 256 aqua,
342 189 487 258 segnisque
505 190 624 243 seeundo
642 189 739 243 defluit
757 189 838 256 ainai,

126 264 229 317 Nuntia
247 270 363 318 ventura
383 266 501 318 Ascanio
520 282 665 334 rerumque
684 266 832 334 patrisque.
936 278 973 316 100

126 338 233 392 Dantur
250 342 314 409 equi
332 342 442 395 Teucris
461 342 598 410 Tyrrhena
616 340 773 408 petentibus
792 356 871 406 arra;

126 414 236 469 Ducunt
253 421 389 470 exsortem
412 421 529 484 Aeneae,
547 434 628 485 quem
646 416 720 468 fulva
736 415 823 468 leonia

126 491 208 545 Pellio
226 492 285 547 obit
302 497 400 560 totum,
418 493 592 562 praefulgens
610 492 747 561 unguibus
762 493 862 546 aureis.

161 568 245 622 Fama
262 570 335 622 volat
353 586 464 638 parvam
483 569 574 623 subito
592 569 700 637 volgata
718 585 767 637 per
785 568 889 635 urbem,
982 580 987 586 ·

125 644 207 701 110100
225 646 265 697 ire
283 647 390 714 equites
408 645 540 714 'Iymbeai
559 645 595 698 ad
612 645 693 699 litora
710 644 791 714 regis.
936 660 972 699 515

130 721 199 773 Vota
216 726 293 774 metu
311 722 453 790 duplicant
471 726 580 788 matres
598 723 766 791 propiusque
784 720 885 789 periclo

126 795 155 849 It
172 798 261 863 timor,
280 803 309 852 et
326 800 411 852 maior
429 799 528 852 Martis
546 799 599 851 iam
617 798 732 867 adparet
750 797 846 863 imago,

123 873 194 927 ‘lum
211 880 291 943 pater
308 875 454 928 Euandrus
472 875 598 928 dextram
617 875 763 942 conplexus
782 873 872 926 euntis

127 950 239 1017 Haeret,
256 951 410 1019 inexpletus
427 951 578 1014 lacrimans,
597 966 628 1002 ac
646 949 712 1002 talia
728 949 818 1004 satur:

126 1025 149 1078 (l
167 1026 232 1078 milri
250 1027 412 1094 praeteritos
430 1026 533 1077 referat
552 1025 574 1076 si
594 1025 720 1092 luppiter
737 1040 827 1090 annos,
936 1039 972 1076 500

126 1101 219 1163 Qualis
239 1118 321 1163 eram,
340 1101 536 1168 cumprimum
555 1100 642 1152 aciem
661 1097 810 1151 Praeneste
828 1098 879 1150 sub
897 1101 958 1165 ipsa

124 1175 215 1227 Stravi
234 1180 426 1242 scutorumque
444 1174 552 1227 incendi
571 1174 656 1226 vietor
675 1189 792 1239 acervos,

127 1250 163 1302 111
178 1267 273 1318 regem
290 1251 341 1304 hae
360 1250 473 1303 Erulum
492 1250 591 1303 dextra
609 1248 660 1302 sub
678 1249 793 1302 Tartara
810 1249 878 1316 misi,

126 1326 151 1377 N
153 1326 256 1379 ascenti
274 1326 317 1378 cui
335 1326 386 1379 tris
405 1326 508 1378 animus
528 1324 643 1378 Feronia
660 1327 785 1377 mater-

127 1400 303 1456 Horrendum
315 1401 550 1470 dictu-dederat,
568 1405 648 1454 terna
664 1417 740 1453 arma
757 1401 905 1468 movenda;
935 1419 970 1456 505

125 1477 178 1529 Ter
195 1477 250 1531 1010
268 1478 431 1531 sternendus
449 1481 523 1543 erat;
542 1477 585 1530 eni
602 1479 662 1530 tum
679 1480 772 1530 tanreu
789 1477 876 1531 omnis

126 1553 252 1607 Abstulit
268 1553 336 1608 haee
353 1554 456 1607 animas
474 1554 580 1621 dextra,
599 1558 628 1607 01
645 1553 762 1607 totidem
780 1554 856 1608 exuit
873 1554 970 1609 armis:

125 1630 151 1682 N
153 1646 187 1682 on
205 1647 256 1698 ogo
274 1647 345 1684 nunc
363 1631 437 1684 dulci
455 1630 582 1699 amplexu
600 1629 747 1682 divellerer
764 1646 886 1698 usquam,

125 1706 151 1758 N
153 1710 205 1774 ate,
223 1707 392 1777 tuo;'neque
410 1707 526 1760 finitimo
545 1706 696 1759 Mezentius
714 1721 844 1775 umquam

126 1782 199 1836 Huic
216 1784 299 1851 capiti
317 1783 451 1837 insultans
468 1786 511 1836 tot
529 1782 601 1835 ferro
619 1798 700 1834 saeva
718 1781 842 1834 dedisset
935 1793 972 1836 570

125 1857 242 1923 Funera,
260 1863 317 1912 tam
335 1859 429 1912 multis
447 1858 585 1912 viduasset
603 1857 707 1910 civibus
725 1855 829 1912 urbem.

126 1935 166 1986 At
183 1949 239 1998 vos,
257 1950 273 1986 0
292 1935 391 2002 superi,
410 1937 438 1988 et
456 1933 547 1986 divom
565 1936 596 1986 tu
613 1948 740 1986 maxume
757 1935 848 1985 rector

126 2007 259 2076 Iuppiter,
280 2009 400 2076 Arcadii,
418 2025 526 2076 quaeso,
545 2008 714 2061 miserescite
731 2008 812 2074 regia,

125 2083 162 2136 Et
179 2083 283 2151 patrias
301 2083 396 2136 audito
413 2099 519 2151 preces:
540 2082 568 2134 Si
587 2082 697 2134 numina
715 2085 807 2135 vestra

126 2157 292 2211 Incolumem
312 2158 436 2211 Pallanta
453 2157 527 2224 mihi,
546 2157 568 2209 si
585 2158 643 2210 fata
661 2160 809 2224 reservant,
934 2173 972 2212 575

124 2234 154 2287 si
172 2234 278 2287 visurus
297 2250 359 2287 eum
376 2233 437 2286 vivo
456 2237 484 2287 et
502 2237 633 2286 venturus
651 2232 679 2284 in
697 2247 794 2285 unum:

126 2311 220 2363 Vitam
238 2326 300 2374 oro;
319 2309 408 2377 patior
427 2309 550 2378 quemvis
567 2307 667 2360 durare
684 2306 813 2360 laborem.

123 2385 173 2439 Sin
190 2385 309 2454 aliquem
326 2385 468 2437 infandum
487 2399 587 2451 casum,
607 2383 735 2450 Fortuna,
754 2383 876 2439 minaris:

126 2463 211 2526 Nune,
229 2479 300 2515 nunc
317 2478 333 2514 0
351 2461 433 2514 liceat
451 2459 589 2514 crudelem
607 2457 771 2526 abrumpere
788 2459 880 2530 vitam,
917 2462 921 2469 '
940 2462 944 2468 '

126 2538 197 2592 Dum
216 2554 296 2590 curae
315 2537 467 2605 ambiguae,
486 2536 552 2588 dura
571 2551 632 2603 spes
650 2534 755 2589 ineerta
771 2530 879 2607 futuri,'
934 2552 974 2609 aaa

126 2613 198 2665 Dum
216 2615 253 2680 te,
272 2630 334 2666 care
353 2630 428 2682 puer,
446 2628 507 2664 mea
525 2610 582 2664 sola
599 2608 707 2664 et'sera
724 2610 857 2681 voluptas,
939 2604 970 2665 ‘je

124 2689 266 2756 Conplexu
283 2693 379 2754 teneo;
395 2688 505 2757 gravior
521 2703 575 2741 neu
592 2687 705 2741 nuntius
722 2688 796 2741 auris

127 2764 267 2819 Volneret.
305 2764 382 2818 Haec
399 2764 508 2832 genitor
525 2762 651 2833 digressu
670 2763 744 2818 dieta
758 2780 888 2833 supremo

126 2839 271 2893 Fundebat
280 2860 287 2904 ;
304 2840 399 2893 famuli
416 2840 571 2909 conlapsum
590 2840 618 2893 in
636 2843 711 2896 10010
728 2839 861 2896 ferebant

94 2952 98 2961 .
161 2915 276 2983 Iamque
293 2916 364 2970 adeo
382 2916 488 2970 exierat
506 2916 594 2986 portis
613 2916 753 2984 equitatus
771 2917 882 2984 apertis,
934 2933 971 2973 505

127 2992 237 3043 Aeneas
255 2991 327 3044 inter
343 2992 446 3060 primos
461 2996 493 3048 01
510 2992 582 3048 fidus
602 2993 730 3060 Achates,

128 3066 197 3120 inde
215 3067 260 3120 alii
279 3068 375 3122 Troiae
391 3085 531 3138 proceres;
548 3069 608 3138 ipse
625 3069 733 3138 agmine
752 3068 842 3123 Pallas

125 3142 161 3197 10
179 3143 278 3213 medio,
295 3144 437 3215 chlamyde
454 3149 484 3201 et
499 3146 583 3216 pictis
600 3149 761 3216 conspectus
776 3146 806 3202 ia
824 3146 921 3204 armis:
