2032 3524
70 129 114 172 12r
308 124 335 170 P.
359 121 509 171 VERGILI
526 121 689 168 MARONln'

71 208 105 260 lo
123 211 225 259 terram
244 204 308 258 tabo
325 204 469 257 nmculant.
508 202 578 255 Mihi
596 202 713 270 frigidus
731 207 826 259 horror

70 282 194 336 Membra
207 281 304 349 quatit,
317 281 478 348 gelidusque
491 281 545 333 coit
558 280 703 334 iomridinc
715 284 831 350 sanguis.
903 301 928 341 ao

71 360 174 411 llursus
192 368 220 411 ct
238 359 350 410 alterius
368 357 473 411 lentum
492 357 644 410 convellere
663 358 751 411 rinren

70 437 203 503 luscquor
221 442 250 488 et
268 452 376 487 caussas
395 436 504 502 penitus
523 439 661 501 temptare
674 434 801 488 latentis:

69 515 140 565 Ater
158 518 186 565 ct
205 512 317 564 alterius
337 512 462 579 sequitur
481 510 517 563 do
535 512 637 564 cortice
655 512 771 578 sanguis.

70 589 157 641 blulta
175 606 285 642 movens
304 590 392 641 animo
413 588 553 656 Nymphas
572 587 721 640 venerabar
738 593 854 657 agrestis

69 665 272 732 Gradivumque
290 672 404 733 patrem,
425 665 528 718 Geticis
547 665 593 733 qui
611 665 751 733 praesidet
768 666 847 733 arvis,
901 683 927 722 ³⁵

71 741 134 793 llitc
152 741 334 795 secundarent
353 742 426 794 visus
445 758 579 808 omenque
597 741 725 794 levarent.

69 817 161 870 Tertia
180 817 229 870 scd
247 823 392 886 postquam
411 819 513 871 maiore
531 817 639 869 hastilia
656 817 715 869 nisu

71 893 227 960 adgredior
245 894 414 962 genibusque
434 894 564 947 adversae
581 892 704 946 obluctor
722 910 853 947 arenae-

69 970 195 1038 Eloquar‚
214 988 248 1023 au
267 971 360 1023 sileam
371 972 531 1038 l—gemitus
549 969 723 1023 lacrimabilis
740 972 794 1023 imo

69 1048 190 1099 Auditur
210 1048 320 1112 tumulo,
339 1053 368 1100 et
387 1065 436 1099 rex
457 1047 567 1099 reddita
585 1047 673 1099 fertur
691 1046 726 1098 ad
744 1048 843 1101 auris:¹
901 1062 926 1102 lo

69 1123 140 1186 (luid
161 1125 294 1187 miserum,
316 1127 417 1188 Aenea,
436 1124 554 1176 laceras?
573 1123 626 1175 iam
646 1139 727 1191 parce
745 1123 867 1190 sepult0;

70 1199 154 1252 Parce
173 1201 231 1267 pias
250 1200 383 1252 scelenrre
402 1217 504 1252 manus.
544 1199 606 1251 Nou
625 1215 668 1251 mo
687 1198 737 1252 tibi
756 1199 836 1252 Troia

69 1276 218 1329 Externum
238 1276 308 1339 tulit,
328 1280 376 1328 aut
394 1293 474 1328 cruor
492 1277 536 1329 liic
554 1276 589 1328 de
607 1276 699 1343 stipite
717 1278 817 1329 manat.

70 1352 147 1404 Heu!
168 1354 231 1419 suge
249 1352 366 1404 crudelis
384 1356 478 1419 terras,
497 1353 560 1420 fuge
579 1352 643 1404 litus
661 1368 778 1404 ararum.

69 1428 139 1480 Nam
162 1428 309 1494 Polydorus
329 1445 386 1496 ogo.
426 1429 479 1481 llic
496 1429 631 1481 confixum
650 1428 737 1480 ferrea
755 1427 827 1481 texit
899 1442 923 1481 45

69 1505 193 1556 Telorum
213 1521 290 1571 seges
310 1509 339 1557 et
355 1504 449 1557 iaculis
468 1505 582 1557 increvit
600 1504 692 1557 acutis.

103 1580 170 1632 'l'um
190 1597 253 1631 roro
272 1581 382 1647 ancipiti
401 1586 521 1633 mentem
542 1579 686 1633 semridine
703 1595 813 1647 pressus

69 1656 201 1723 Obstipui,
221 1660 412 1725 steteruntque
432 1674 523 1710 comae
542 1662 571 1710 et
589 1674 641 1710 rex
660 1655 782 1709 faucibus
798 1655 895 1710 haesit

70 1732 149 1783 Hunc
172 1732 332 1799 Polydorum
351 1733 410 1786 auri
429 1734 566 1801 quondam
584 1750 645 1786 cum
664 1732 784 1801 pondere
800 1746 901 1798 niagno

70 1808 167 1859 lnlclix
188 1808 310 1860 Prianms
329 1809 422 1862 iurtim
442 1810 585 1862 mamlarat
602 1809 728 1861 alcmlum
898 1822 925 1862 fio

69 1884 192 1937 Threicio
210 1886 275 1952 regi,
295 1904 355 1938 eum
373 1887 426 1938 iam
445 1887 584 1939 dillideret
602 1885 684 1938 armis

69 1960 223 2015 llunlauiao
241 1964 367 2031 cingique
386 1963 481 2017 urbem
501 1963 640 2016 obsidione
658 1961 772 2015 rideret.

70 2038 127 2101 lile,
146 2045 176 2090 ut
195 2056 260 2107 opos
278 2039 381 2092 fractae
401 2041 539 2106 'l'eucrum,
558 2044 586 2092 et
606 2039 726 2090 Fortuna
743 2036 863 2104 recessit,

70 2113 124 2165 llos
146 2118 373 2182 iigamcnmonias
392 2118 564 2183 victriciaque
582 2132 657 2167 arma
675 2116 790 2180 secutus,

70 2189 122 2241 Fas
135 2208 213 2244 omne
225 2192 376 2260 abruuqrit;
391 2193 553 2260 Polydorum
565 2192 717 2257 obtruncat,
729 2194 758 2243 et
770 2205 834 2242 aare
896 2204 924 2245 ae

70 2267 103 2317 vi
123 2269 233 2333 potitur.
270 2270 341 2331 euin
361 2287 413 2320 non
432 2269 556 2321 mortalia
574 2273 685 2335 pectora
702 2265 782 2333 cogis,

70 2344 137 2394 Auri
158 2361 234 2396 sacra
252 2346 353 2398 famesl
394 2345 541 2412 Postquam
560 2360 644 2412 paror
662 2359 722 2396 ossa
739 2340 858 2409 reliquit,

69 2418 194 2470 liclectos
212 2420 303 2486 populi
323 2421 357 2472 ad
375 2438 502 2488 proceres
520 2421 691 2488 primumque
709 2422 850 2486 parentem

69 2494 192 2546 llloustro
211 2494 291 2547 doum
310 2497 404 2559 refero,
423 2501 458 2562 ct,
477 2513 547 2565 quae
565 2497 601 2548 sit
619 2495 760 2560 sententia,
779 2508 867 2563 pesce.

69 2569 200 2622 Omnibus
217 2571 290 2622 idem
309 2572 422 2637 animus,
442 2574 574 2625 scelerata
593 2572 725 2625 excedere
744 2579 826 2635 terra,
896 2586 923 2625 ro

69 2645 166 2712 linqui
184 2646 318 2712 pollutum
337 2648 492 2716 hospitium,
512 2653 541 2701 et
560 2649 625 2700 (lare
644 2646 775 2700 elassibus
792 2648 910 2701 austros.

69 2721 141 2787 Ergo
159 2722 340 2775 instaurauurs
360 2724 494 2791 Polydoro
514 2726 606 2777 funus:
627 2729 655 2777 et
673 2725 766 2790 iugens

69 2799 219 2863 Aggeritur
237 2799 340 2851 tuumlo
360 2801 456 2863 tellus3
476 2805 550 2854 stant
570 2800 696 2853 Manibus
714 2814 785 2865 arae,

68 2873 204 2926 Caeruleis
223 2880 343 2928 maestae
361 2877 436 2928 vittis
455 2882 568 2945 atraque
587 2892 721 2944 cupress0,

68 2948 104 2999 Et
122 2951 220 3002 circum
242 2951 342 3004 Iliades
361 2953 461 3005 crinem
481 2952 515 3005 de
534 2970 608 3005 mere
627 2952 745 3013 solutae;
896 2964 923 3005 ω

70 3025 213 3078 lulcrinurs
232 3027 325 3094 tepido
344 3030 498 3096 spumantia
516 3028 620 3095 cymbia
637 3028 707 3080 lacte

68 3101 209 3165 Sanguinis
227 3107 256 3155 et
273 3105 341 3156 sacri
359 3109 476 3171 pateras,
494 3105 664 3170 aniurmuquc
683 3100 825 3170 sepulchro

68 3174 222 3245 Coudlmus,
241 3181 270 3231 et
288 3195 386 3248 magna
404 3196 560 3248 srqrremum
580 3195 643 3232 voce
660 3179 768 3232 olemus
