2032 3524
309 112 512 162 GEORGIGON
532 115 600 161 LlB.
620 113 671 161 Ill.
900 110 931 157 59

79 196 116 251 Et
134 200 255 248 mentem
273 194 366 248 Venus
383 194 442 262 ipsa
460 194 546 261 dedit,
565 211 618 261 quo
636 197 759 261 tempere
778 189 873 245 Glauci

80 271 229 326 Potniades
247 271 325 324 malis
342 270 465 323 membra
483 270 659 339 absumpsere
678 268 834 336 quadrigae.

79 349 147 401 Illas
166 346 243 400 ducit
260 363 336 399 amor
354 349 430 399 treus
449 345 571 412 Gargara
590 350 721 413 transque
740 348 877 396 sonantem

79 424 245 488 Ascanium
263 425 393 491 superant
410 422 510 475 montis
529 425 558 474 et
575 421 686 474 flumina
704 424 821 473 tranant.
886 432 932 492 Ιιιι)

78 499 270 566 Continuoque
288 497 375 551 avidis
393 497 440 550 ubi
459 497 568 550 subdita
587 497 695 548 flamma
713 496 873 549 medullis-

78 573 154 630 Vere
172 575 265 642 magis,
284 574 348 643 qnia
366 590 430 626 vere
448 574 519 626 calor
537 573 612 626 redit
630 571 833 626 ossibus—illae

79 652 135 706 Ore
154 667 247 704 omnes
266 667 360 703 versae
378 649 407 701 in
425 649 578 717 Zephyrum
598 653 673 702 stant
690 648 803 719 rupibus
822 646 892 710 altis,

78 729 289 795 Exceptantque
305 725 372 778 levis
390 741 477 791 auras,
496 729 525 778 et
544 742 624 792 saepe
644 726 702 779 sine
719 725 781 778 ullis
844 722 848 727 ’

79 801 219 870 coniugiis
237 804 319 854 rente
336 799 624 868 gravidae-mirabile
644 801 753 854 dictu*
896 812 932 851 ars

78 880 152 933 Saxa
168 895 218 946 per
236 881 265 930 et
283 876 405 946 scopulos
424 881 453 928 et
471 875 613 944 depressas
632 877 759 930 cenvzdlis

79 955 241 1022 Diffugiunt,
260 970 321 1017 non,
339 952 419 1020 Eure,
438 955 508 1018 tuos,
526 969 614 1020 neque
634 953 704 1006 Solis
722 953 757 1005 ad
775 956 858 1019 ortus,

79 1032 115 1085 In
133 1031 241 1084 Borean
262 1028 444 1096 Samumque,
462 1032 509 1081 aut
527 1028 600 1080 unde
618 1029 781 1095 nigerrimus
801 1031 904 1081 Auster

79 1107 211 1161 Nascitur
228 1110 257 1159 et
274 1104 365 1172 pluvio
384 1103 529 1156 contristat
547 1103 648 1171 frigore
666 1105 777 1156 caelum.

80 1183 135 1237 Hic
154 1182 270 1246 demum,
288 1180 467 1248 hippomanes
485 1195 548 1231 vero
567 1179 641 1246 quod
659 1183 766 1232 nemine
784 1180 879 1232 dicunt
896 1193 933 1232 ese

81 1258 217 1325 Fautores,
235 1256 340 1310 lentum
360 1255 482 1308 destillat
500 1254 534 1307 ab
552 1255 662 1323 inguine
681 1256 770 1320 virus3

81 1334 276 1402 Hippomanes,
295 1332 370 1400 qued
388 1348 468 1399 saepe
486 1331 573 1383 malae
592 1331 683 1400 legere
702 1348 840 1397 novercae,

80 1409 306 1477 Miseucruntque
323 1407 423 1460 herbas
442 1411 471 1461 et
488 1424 542 1460 nen
559 1408 669 1461 innoxia
687 1408 776 1461 verba.

116 1485 171 1538 Sed
189 1485 260 1552 fugit
278 1484 390 1549 interca,
409 1484 479 1552 sugit
496 1483 679 1552 inreparabile
697 1488 814 1553 tempus,

80 1560 193 1628 Singula
212 1560 278 1612 dum
297 1560 368 1627 capti
387 1559 628 1612 circumvectamur
647 1577 748 1615 amore.
897 1576 933 1614 aaa

81 1637 143 1690 Hoc
161 1637 227 1689 satis
246 1637 389 1689 armentis:
408 1639 519 1703 superat
537 1653 600 1704 pars
618 1637 705 1690 altera
723 1654 811 1704 curae,

81 1713 229 1780 Lanigeros
247 1711 352 1779 agitare
369 1729 465 1779 greges
483 1711 625 1780 hirtasque
644 1714 768 1781 capellas

81 1789 136 1842 Hic
154 1788 244 1853 laber;
262 1788 325 1841 hinc
343 1787 450 1840 laudem
469 1789 523 1841 fort
511 1792 553 1841 tes
573 1794 681 1876 sperate
699 1790 792 1843 coloni

80 1865 125 1918 N
109 1881 140 1918 se
158 1881 218 1916 sum
236 1864 319 1916 animi
338 1863 444 1929 dubius
462 1863 553 1917 verbis
572 1881 604 1916 ei
623 1865 729 1919 vincere
747 1883 876 1934 magnum

81 1941 170 2004 Quam
183 1940 226 2005 sit,
240 1943 269 1992 et
287 1943 385 2006 angust
387 1939 409 1992 is
373 1940 493 1992 thnnc
504 1940 607 1992 addere
621 1941 702 1994 rebus
714 1943 859 2005 honorem3
898 1954 934 1994 290

81 2017 138 2070 Sed
155 2033 199 2068 me
218 1981 330 2068 Parnasi
349 2015 459 2068 deserta
477 2016 630 2082 perardua
648 2016 734 2070 duleis

82 2091 444 2159 Raptatamor3iuvat1re
462 2091 509 2142 inc
491 2091 539 2157 is
557 2109 611 2158 qua
628 2092 702 2144 nulla
718 2093 838 2160 priorum

82 2168 148 2221 (last
149 2167 229 2219 aliam
248 2167 321 2219 molli
341 2166 492 2218 devertitur
510 2166 583 2218 orbit
572 2171 600 2218 ta
618 2167 691 2221 cliro.

117 2243 204 2310 Nune,
224 2241 378 2295 veneranda
398 2241 484 2307 Pales,
503 2259 600 2310 magno
618 2260 689 2296 nune
707 2261 753 2297 ere
776 2244 931 2298 sonandum

84 2319 220 2387 Incipiens
238 2317 352 2371 stabulis
371 2317 447 2370 edico
465 2318 493 2370 in
511 2318 636 2371 mollibus
654 2319 775 2372 herbam·
899 2334 934 2372 aas

83 2397 202 2464 Carpere
220 2395 284 2461 ovis,
305 2394 370 2448 dum
389 2411 452 2447 mox
470 2393 597 2447 frondosa
614 2395 755 2449 reducitur
773 2399 869 2464 aestas,

83 2473 120 2525 Et
138 2470 224 2524 multa
243 2470 339 2523 duram
359 2471 459 2538 stipula
477 2471 632 2539 filicumque
650 2471 775 2539 rrraniplis

83 2550 212 2602 Sternere
231 2548 325 2600 subter
344 2547 464 2614 humum,
482 2547 583 2614 glacies
601 2565 635 2600 ne
654 2548 752 2616 frigida
769 2548 862 2601 laedat

82 2625 166 2678 Molle
185 2641 275 2692 pecus,
295 2623 469 2693 scabiemque
488 2623 559 2677 ferat
578 2626 721 2693 turpisque
739 2625 881 2693 podagras.

83 2700 151 2753 Post
169 2700 232 2752 hinc
251 2700 390 2767 digressus
408 2699 489 2752 iubeo
507 2700 662 2753 frondentia
680 2701 766 2769 capris
899 2713 936 2752 soc

84 2775 195 2829 Arbutn
214 2775 335 2828 sufficere
355 2778 384 2828 et
402 2774 497 2829 fluvios
516 2777 648 2846 praebere
666 2777 791 2842 recentis,

85 2853 120 2905 Et
140 2850 248 2904 stabula
266 2870 283 2903 a
302 2851 389 2904 ventis
408 2851 522 2905 hiberno
541 2871 678 2923 opponere
697 2852 747 2905 soli

86 2927 131 2980 nd
149 2926 271 2979 medium
289 2941 419 2978 conversa
437 2927 516 2994 diem,
534 2947 594 2983 cunr
613 2929 728 2996 frigidus
746 2926 810 2978 elim

85 3005 145 3056 Iam
164 3002 238 3055 cadit
257 3006 434 3069 extremoque
452 3003 554 3058 inrorat
575 3006 713 3073 Aquarius
731 3018 808 3054 anno.

85 3081 164 3133 llaec
183 3094 291 3147 qnoque
309 3093 363 3130 non
381 3093 447 3130 cura
463 3080 540 3133 nobis
558 3082 659 3135 leviore
677 3077 786 3132 tuenda.
901 3091 936 3132 seo

84 3157 109 3208 N
112 3169 144 3207 ec
161 3154 249 3206 minor
266 3167 332 3206 usus
350 3150 411 3217 erit,
430 3157 552 3220 quamvis
571 3155 678 3208 Milesia
696 3170 793 3222 magno

197 3230 212 3270 e
