<?xml version="1.0" encoding="UTF-8"?>
<!DOCTYPE html PUBLIC "-//W3C//DTD XHTML 1.0 Transitional//EN"
    "http://www.w3.org/TR/xhtml1/DTD/xhtml1-transitional.dtd">
<html xmlns="http://www.w3.org/1999/xhtml" xml:lang="en" lang="en">
 <head>
  <title>
</title>
<meta http-equiv="Content-Type" content="text/html;charset=utf-8" />
  <meta name='ocr-system' content='tesseract 3.04.00' />
  <meta name='ocr-capabilities' content='ocr_page ocr_carea ocr_par ocr_line ocrx_word'/>
</head>
<body>
  <div class='ocr_page' id='page_1' title='image "./publivergilimar01virggoog/publivergilimar01virggoog_0178.png"; bbox 0 0 2032 3524; ppageno 0'>
   <div class='ocr_carea' id='block_1_1' title="bbox 352 109 933 158">
    <p class='ocr_par' dir='ltr' id='par_1_1' title="bbox 352 109 933 158">
     <span class='ocr_line' id='line_1_1' title="bbox 352 109 933 158; baseline -0.005 0"><span class='ocrx_word' id='word_1_1' title='bbox 352 110 535 158; x_wconf 82' lang='lat' dir='ltr'>AENEIDOS</span> <span class='ocrx_word' id='word_1_2' title='bbox 552 109 620 158; x_wconf 88' lang='lat' dir='ltr'>LIB.</span> <span class='ocrx_word' id='word_1_3' title='bbox 640 109 673 156; x_wconf 87' lang='lat' dir='ltr'>V.</span> <span class='ocrx_word' id='word_1_4' title='bbox 888 111 933 156; x_wconf 80' lang='lat' dir='ltr'>les</span> 
     </span>
    </p>
   </div>
   <div class='ocr_carea' id='block_1_2' title="bbox 80 189 949 3240">
    <p class='ocr_par' dir='ltr' id='par_1_2' title="bbox 82 189 860 258">
     <span class='ocr_line' id='line_1_2' title="bbox 82 189 860 258; baseline -0.01 -8"><span class='ocrx_word' id='word_1_5' title='bbox 82 197 219 250; x_wconf 78' lang='lat' dir='ltr'>Hortatur</span> <span class='ocrx_word' id='word_1_6' title='bbox 237 192 409 246; x_wconf 78' lang='lat' dir='ltr'><strong>Mnestheus:</strong></span> <span class='ocrx_word' id='word_1_7' title='bbox 429 189 515 253; x_wconf 88' lang='lat' dir='ltr'>Nunc,</span> <span class='ocrx_word' id='word_1_8' title='bbox 534 207 605 244; x_wconf 90' lang='lat' dir='ltr'>nune</span> <span class='ocrx_word' id='word_1_9' title='bbox 622 190 754 258; x_wconf 77' lang='lat' dir='ltr'>insurgite</span> <span class='ocrx_word' id='word_1_10' title='bbox 772 191 860 252; x_wconf 81' lang='lat' dir='ltr'>remis,</span> 
     </span>
    </p>

    <p class='ocr_par' dir='ltr' id='par_1_3' title="bbox 81 269 934 336">
     <span class='ocr_line' id='line_1_3' title="bbox 81 269 934 336; baseline -0.005 -11"><span class='ocrx_word' id='word_1_11' title='bbox 81 271 212 325; x_wconf 87' lang='lat' dir='ltr'>Hectorei</span> <span class='ocrx_word' id='word_1_12' title='bbox 232 270 302 335; x_wconf 86' lang='lat' dir='ltr'>socii,</span> <span class='ocrx_word' id='word_1_13' title='bbox 323 269 419 321; x_wconf 83' lang='lat' dir='ltr'>Troiae</span> <span class='ocrx_word' id='word_1_14' title='bbox 439 284 506 336; x_wconf 90' lang='lat' dir='ltr'>quos</span> <span class='ocrx_word' id='word_1_15' title='bbox 525 271 599 320; x_wconf 89' lang='lat' dir='ltr'>sorte</span> <span class='ocrx_word' id='word_1_16' title='bbox 618 284 743 335; x_wconf 88' lang='lat' dir='ltr'>suprema</span> <span class='ocrx_word' id='word_1_17' title='bbox 899 281 934 321; x_wconf 85' lang='lat' dir='ltr'>reo</span> 
     </span>
    </p>

    <p class='ocr_par' dir='ltr' id='par_1_4' title="bbox 80 345 720 415">
     <span class='ocr_line' id='line_1_4' title="bbox 80 345 720 415; baseline -0.009 -13"><span class='ocrx_word' id='word_1_18' title='bbox 80 349 176 415; x_wconf 86' lang='lat' dir='ltr'>Delegi</span> <span class='ocrx_word' id='word_1_19' title='bbox 197 347 326 411; x_wconf 89' lang='lat' dir='ltr'>comites;</span> <span class='ocrx_word' id='word_1_20' title='bbox 345 363 415 399; x_wconf 90' lang='lat' dir='ltr'>nuuc</span> <span class='ocrx_word' id='word_1_21' title='bbox 434 346 494 397; x_wconf 89' lang='lat' dir='ltr'>illas</span> <span class='ocrx_word' id='word_1_22' title='bbox 512 345 630 412; x_wconf 79' lang='lat' dir='ltr'><strong>promite</strong></span> <span class='ocrx_word' id='word_1_23' title='bbox 648 345 720 410; x_wconf 84' lang='lat' dir='ltr'>viris,</span> 
     </span>
    </p>

    <p class='ocr_par' dir='ltr' id='par_1_5' title="bbox 80 421 794 492">
     <span class='ocr_line' id='line_1_5' title="bbox 80 421 794 492; baseline -0.008 -13"><span class='ocrx_word' id='word_1_24' title='bbox 80 426 158 479; x_wconf 91' lang='lat' dir='ltr'>Nune</span> <span class='ocrx_word' id='word_1_25' title='bbox 176 424 287 490; x_wconf 87' lang='lat' dir='ltr'>animos,</span> <span class='ocrx_word' id='word_1_26' title='bbox 307 425 404 492; x_wconf 82' lang='lat' dir='ltr'>quibus</span> <span class='ocrx_word' id='word_1_27' title='bbox 423 424 450 475; x_wconf 91' lang='lat' dir='ltr'>in</span> <span class='ocrx_word' id='word_1_28' title='bbox 466 422 590 475; x_wconf 87' lang='lat' dir='ltr'>Gaetulis</span> <span class='ocrx_word' id='word_1_29' title='bbox 610 421 734 490; x_wconf 78' lang='lat' dir='ltr'>Syrtibus</span> <span class='ocrx_word' id='word_1_30' title='bbox 753 421 794 474; x_wconf 89' lang='lat' dir='ltr'>usi</span> 
     </span>
    </p>

    <p class='ocr_par' dir='ltr' id='par_1_6' title="bbox 81 499 766 569">
     <span class='ocr_line' id='line_1_6' title="bbox 81 499 766 569; baseline -0.003 -15"><span class='ocrx_word' id='word_1_31' title='bbox 81 503 212 569; x_wconf 77' lang='lat' dir='ltr'>Ionioque</span> <span class='ocrx_word' id='word_1_32' title='bbox 232 501 299 553; x_wconf 78' lang='lat' dir='ltr'>meri</span> <span class='ocrx_word' id='word_1_33' title='bbox 320 500 481 568; x_wconf 84' lang='lat' dir='ltr'>Maleaeque</span> <span class='ocrx_word' id='word_1_34' title='bbox 500 499 660 568; x_wconf 88' lang='lat' dir='ltr'>sequacibus</span> <span class='ocrx_word' id='word_1_35' title='bbox 678 499 766 552; x_wconf 86' lang='lat' dir='ltr'>undis.</span> 
     </span>
    </p>

    <p class='ocr_par' dir='ltr' id='par_1_7' title="bbox 81 576 934 645">
     <span class='ocr_line' id='line_1_7' title="bbox 81 576 934 645; baseline -0.002 -14"><span class='ocrx_word' id='word_1_36' title='bbox 81 580 142 631; x_wconf 91' lang='lat' dir='ltr'>Non</span> <span class='ocrx_word' id='word_1_37' title='bbox 160 579 213 630; x_wconf 78' lang='lat' dir='ltr'>iem</span> <span class='ocrx_word' id='word_1_38' title='bbox 233 578 320 645; x_wconf 90' lang='lat' dir='ltr'>prima</span> <span class='ocrx_word' id='word_1_39' title='bbox 338 581 402 645; x_wconf 91' lang='lat' dir='ltr'>peto</span> <span class='ocrx_word' id='word_1_40' title='bbox 421 576 587 642; x_wconf 80' lang='lat' dir='ltr'>Mnestheus,</span> <span class='ocrx_word' id='word_1_41' title='bbox 607 594 696 644; x_wconf 89' lang='lat' dir='ltr'>nequo</span> <span class='ocrx_word' id='word_1_42' title='bbox 714 576 821 629; x_wconf 90' lang='lat' dir='ltr'>vincere</span> <span class='ocrx_word' id='word_1_43' title='bbox 844 579 934 640; x_wconf 89' lang='lat' dir='ltr'>certo;</span> 
     </span>
    </p>

    <p class='ocr_par' dir='ltr' id='par_1_8' title="bbox 81 652 935 794">
     <span class='ocr_line' id='line_1_8' title="bbox 81 652 934 723; baseline -0.002 -17"><span class='ocrx_word' id='word_1_44' title='bbox 81 655 250 723; x_wconf 78' lang='lat' dir='ltr'>Quarnquun</span> <span class='ocrx_word' id='word_1_45' title='bbox 277 652 402 707; x_wconf 76' lang='lat' dir='ltr'>oI—Sed</span> <span class='ocrx_word' id='word_1_46' title='bbox 429 656 566 720; x_wconf 89' lang='lat' dir='ltr'>superent,</span> <span class='ocrx_word' id='word_1_47' title='bbox 592 653 690 721; x_wconf 89' lang='lat' dir='ltr'>quibus</span> <span class='ocrx_word' id='word_1_48' title='bbox 716 652 773 718; x_wconf 87' lang='lat' dir='ltr'>hoc,</span> <span class='ocrx_word' id='word_1_49' title='bbox 799 653 934 720; x_wconf 84' lang='lat' dir='ltr'>Neptune,</span> 
     </span>
     <span class='ocr_line' id='line_1_9' title="bbox 152 730 935 794; baseline -0.004 -11"><span class='ocrx_word' id='word_1_50' title='bbox 152 730 270 794; x_wconf 87' lang='lat' dir='ltr'>dedisti;</span> <span class='ocrx_word' id='word_1_51' title='bbox 900 742 935 781; x_wconf 82' lang='grc'>100</span> 
     </span>
    </p>

    <p class='ocr_par' dir='ltr' id='par_1_9' title="bbox 83 805 784 876">
     <span class='ocr_line' id='line_1_10' title="bbox 83 805 784 876; baseline 0.006 -18"><span class='ocrx_word' id='word_1_52' title='bbox 83 808 226 860; x_wconf 79' lang='lat' dir='ltr'>Extremus</span> <span class='ocrx_word' id='word_1_53' title='bbox 244 807 347 875; x_wconf 88' lang='lat' dir='ltr'>pudeat</span> <span class='ocrx_word' id='word_1_54' title='bbox 366 807 494 871; x_wconf 85' lang='lat' dir='ltr'>rediisse;</span> <span class='ocrx_word' id='word_1_55' title='bbox 513 805 563 858; x_wconf 87' lang='lat' dir='ltr'>hoe</span> <span class='ocrx_word' id='word_1_56' title='bbox 581 807 687 875; x_wconf 83' lang='lat' dir='ltr'>vincite,</span> <span class='ocrx_word' id='word_1_57' title='bbox 705 809 784 876; x_wconf 82' lang='lat' dir='ltr'>cives,</span> 
     </span>
    </p>

    <p class='ocr_par' dir='ltr' id='par_1_10' title="bbox 82 883 762 952">
     <span class='ocr_line' id='line_1_11' title="bbox 82 883 762 952; baseline 0.006 -18"><span class='ocrx_word' id='word_1_58' title='bbox 82 883 117 935; x_wconf 81' lang='lat' dir='ltr'>Et</span> <span class='ocrx_word' id='word_1_59' title='bbox 135 884 278 952; x_wconf 90' lang='lat' dir='ltr'>prohibete</span> <span class='ocrx_word' id='word_1_60' title='bbox 297 885 380 937; x_wconf 85' lang='lat' dir='ltr'>nolas.</span> <span class='ocrx_word' id='word_1_61' title='bbox 419 884 472 936; x_wconf 89' lang='lat' dir='ltr'>Olli</span> <span class='ocrx_word' id='word_1_62' title='bbox 491 884 640 937; x_wconf 88' lang='lat' dir='ltr'>certamine</span> <span class='ocrx_word' id='word_1_63' title='bbox 658 902 762 938; x_wconf 88' lang='lat' dir='ltr'>summo</span> 
     </span>
    </p>

    <p class='ocr_par' dir='ltr' id='par_1_11' title="bbox 85 960 836 1029">
     <span class='ocr_line' id='line_1_12' title="bbox 85 960 836 1029; baseline 0.001 -19"><span class='ocrx_word' id='word_1_64' title='bbox 85 960 284 1024; x_wconf 89' lang='lat' dir='ltr'>l‘rocumbunt;</span> <span class='ocrx_word' id='word_1_65' title='bbox 303 961 386 1013; x_wconf 90' lang='lat' dir='ltr'>vastis</span> <span class='ocrx_word' id='word_1_66' title='bbox 404 965 499 1016; x_wconf 88' lang='lat' dir='ltr'>tremit</span> <span class='ocrx_word' id='word_1_67' title='bbox 517 964 616 1016; x_wconf 90' lang='lat' dir='ltr'>ictibus</span> <span class='ocrx_word' id='word_1_68' title='bbox 634 978 714 1014; x_wconf 86' lang='lat' dir='ltr'>aerea</span> <span class='ocrx_word' id='word_1_69' title='bbox 731 962 836 1029; x_wconf 86' lang='lat' dir='ltr'>puppis,</span> 
     </span>
    </p>

    <p class='ocr_par' dir='ltr' id='par_1_12' title="bbox 81 1036 875 1104">
     <span class='ocr_line' id='line_1_13' title="bbox 81 1036 875 1104; baseline -0.003 -16"><span class='ocrx_word' id='word_1_70' title='bbox 81 1036 314 1104; x_wconf 76' lang='lat' dir='ltr'>Subtrahiturque</span> <span class='ocrx_word' id='word_1_71' title='bbox 334 1037 435 1103; x_wconf 89' lang='lat' dir='ltr'>solum;</span> <span class='ocrx_word' id='word_1_72' title='bbox 453 1043 513 1091; x_wconf 89' lang='lat' dir='ltr'>turn</span> <span class='ocrx_word' id='word_1_73' title='bbox 532 1038 628 1091; x_wconf 84' lang='lat' dir='ltr'>creber</span> <span class='ocrx_word' id='word_1_74' title='bbox 647 1038 782 1090; x_wconf 72' lang='lat' dir='ltr'>anhelitus</span> <span class='ocrx_word' id='word_1_75' title='bbox 800 1040 875 1088; x_wconf 88' lang='lat' dir='ltr'>artus</span> 
     </span>
    </p>

    <p class='ocr_par' dir='ltr' id='par_1_13' title="bbox 83 1113 936 1181">
     <span class='ocr_line' id='line_1_14' title="bbox 83 1113 936 1181; baseline -0.002 -17"><span class='ocrx_word' id='word_1_76' title='bbox 83 1113 223 1181; x_wconf 82' lang='lat' dir='ltr'>Arirlaquo</span> <span class='ocrx_word' id='word_1_77' title='bbox 243 1129 291 1164; x_wconf 86' lang='lat' dir='ltr'>ora</span> <span class='ocrx_word' id='word_1_78' title='bbox 309 1114 415 1180; x_wconf 89' lang='lat' dir='ltr'>quatit;</span> <span class='ocrx_word' id='word_1_79' title='bbox 434 1115 517 1166; x_wconf 89' lang='lat' dir='ltr'>sudor·</span> <span class='ocrx_word' id='word_1_80' title='bbox 535 1114 596 1166; x_wconf 88' lang='lat' dir='ltr'>finit</span> <span class='ocrx_word' id='word_1_81' title='bbox 614 1113 735 1180; x_wconf 89' lang='lat' dir='ltr'>undiquc</span> <span class='ocrx_word' id='word_1_82' title='bbox 754 1113 824 1163; x_wconf 82' lang='lat' dir='ltr'>rivis.</span> <span class='ocrx_word' id='word_1_83' title='bbox 899 1123 936 1162; x_wconf 79' lang='lat' dir='ltr'>eoo</span> 
     </span>
    </p>

    <p class='ocr_par' dir='ltr' id='par_1_14' title="bbox 82 1188 735 1256">
     <span class='ocr_line' id='line_1_15' title="bbox 82 1188 735 1256; baseline 0 -16"><span class='ocrx_word' id='word_1_84' title='bbox 82 1189 186 1241; x_wconf 75' lang='lat' dir='ltr'>Attulit</span> <span class='ocrx_word' id='word_1_85' title='bbox 203 1189 262 1256; x_wconf 89' lang='lat' dir='ltr'>ipsc</span> <span class='ocrx_word' id='word_1_86' title='bbox 281 1188 345 1238; x_wconf 86' lang='lat' dir='ltr'>viris</span> <span class='ocrx_word' id='word_1_87' title='bbox 363 1193 486 1255; x_wconf 88' lang='lat' dir='ltr'>optatum</span> <span class='ocrx_word' id='word_1_88' title='bbox 505 1207 582 1242; x_wconf 89' lang='lat' dir='ltr'>casus</span> <span class='ocrx_word' id='word_1_89' title='bbox 600 1190 735 1241; x_wconf 88' lang='lat' dir='ltr'>honorem.</span> 
     </span>
    </p>

    <p class='ocr_par' dir='ltr' id='par_1_15' title="bbox 82 1264 935 1334">
     <span class='ocr_line' id='line_1_16' title="bbox 82 1264 935 1334; baseline -0.001 -18"><span class='ocrx_word' id='word_1_90' title='bbox 82 1265 207 1331; x_wconf 83' lang='lat' dir='ltr'>Namque</span> <span class='ocrx_word' id='word_1_91' title='bbox 226 1265 320 1317; x_wconf 88' lang='lat' dir='ltr'>furens</span> <span class='ocrx_word' id='word_1_92' title='bbox 339 1265 422 1316; x_wconf 87' lang='lat' dir='ltr'>animi</span> <span class='ocrx_word' id='word_1_93' title='bbox 441 1265 506 1318; x_wconf 90' lang='lat' dir='ltr'>dum</span> <span class='ocrx_word' id='word_1_94' title='bbox 525 1283 633 1334; x_wconf 90' lang='lat' dir='ltr'>proram</span> <span class='ocrx_word' id='word_1_95' title='bbox 651 1265 686 1317; x_wconf 90' lang='lat' dir='ltr'>ad</span> <span class='ocrx_word' id='word_1_96' title='bbox 705 1281 770 1317; x_wconf 82' lang='lat' dir='ltr'>saxa</span> <span class='ocrx_word' id='word_1_97' title='bbox 786 1264 935 1329; x_wconf 76' lang='lat' dir='ltr'>suburguet</span> 
     </span>
    </p>

    <p class='ocr_par' dir='ltr' id='par_1_16' title="bbox 83 1341 739 1410">
     <span class='ocr_line' id='line_1_17' title="bbox 83 1341 739 1410; baseline 0.003 -18"><span class='ocrx_word' id='word_1_98' title='bbox 83 1341 201 1393; x_wconf 84' lang='lat' dir='ltr'>interior</span> <span class='ocrx_word' id='word_1_99' title='bbox 221 1341 364 1410; x_wconf 89' lang='lat' dir='ltr'>spatioque</span> <span class='ocrx_word' id='word_1_100' title='bbox 384 1341 459 1395; x_wconf 86' lang='lat' dir='ltr'>subit</span> <span class='ocrx_word' id='word_1_101' title='bbox 478 1342 623 1410; x_wconf 82' lang='lat' dir='ltr'>Sergestus</span> <span class='ocrx_word' id='word_1_102' title='bbox 641 1343 739 1409; x_wconf 87' lang='lat' dir='ltr'>iniquo,</span> 
     </span>
    </p>

    <p class='ocr_par' dir='ltr' id='par_1_17' title="bbox 83 1415 672 1486">
     <span class='ocr_line' id='line_1_18' title="bbox 83 1415 672 1486; baseline 0.005 -17"><span class='ocrx_word' id='word_1_103' title='bbox 83 1418 182 1469; x_wconf 82' lang='lat' dir='ltr'>Infelix</span> <span class='ocrx_word' id='word_1_104' title='bbox 201 1419 273 1470; x_wconf 82' lang='lat' dir='ltr'>saxis</span> <span class='ocrx_word' id='word_1_105' title='bbox 293 1415 320 1470; x_wconf 93' lang='lat' dir='ltr'>in</span> <span class='ocrx_word' id='word_1_106' title='bbox 339 1419 562 1486; x_wconf 82' lang='lat' dir='ltr'>procurrentibus</span> <span class='ocrx_word' id='word_1_107' title='bbox 580 1420 672 1472; x_wconf 87' lang='lat' dir='ltr'>haesit.</span> 
     </span>
    </p>

    <p class='ocr_par' dir='ltr' id='par_1_18' title="bbox 83 1494 937 1560">
     <span class='ocr_line' id='line_1_19' title="bbox 83 1494 937 1560; baseline -0.004 -13"><span class='ocrx_word' id='word_1_108' title='bbox 83 1494 233 1547; x_wconf 82' lang='lat' dir='ltr'>Concussae</span> <span class='ocrx_word' id='word_1_109' title='bbox 253 1498 353 1560; x_wconf 87' lang='lat' dir='ltr'>cautes,</span> <span class='ocrx_word' id='word_1_110' title='bbox 373 1499 402 1548; x_wconf 91' lang='lat' dir='ltr'>ot</span> <span class='ocrx_word' id='word_1_111' title='bbox 421 1501 499 1549; x_wconf 87' lang='lat' dir='ltr'>acuto</span> <span class='ocrx_word' id='word_1_112' title='bbox 517 1495 545 1548; x_wconf 89' lang='lat' dir='ltr'>in</span> <span class='ocrx_word' id='word_1_113' title='bbox 564 1496 665 1549; x_wconf 77' lang='lat' dir='ltr'>murice</span> <span class='ocrx_word' id='word_1_114' title='bbox 683 1496 751 1548; x_wconf 91' lang='lat' dir='ltr'>remi</span> <span class='ocrx_word' id='word_1_115' title='bbox 902 1505 937 1544; x_wconf 82' lang='grc'>000</span> 
     </span>
    </p>

    <p class='ocr_par' dir='ltr' id='par_1_19' title="bbox 83 1570 747 1641">
     <span class='ocr_line' id='line_1_20' title="bbox 83 1570 747 1641; baseline 0.006 -20"><span class='ocrx_word' id='word_1_116' title='bbox 83 1570 182 1623; x_wconf 83' lang='lat' dir='ltr'>Ohnixi</span> <span class='ocrx_word' id='word_1_117' title='bbox 202 1588 341 1639; x_wconf 83' lang='lat' dir='ltr'>crepuere,</span> <span class='ocrx_word' id='word_1_118' title='bbox 360 1572 493 1640; x_wconf 85' lang='lat' dir='ltr'>inlisaque</span> <span class='ocrx_word' id='word_1_119' title='bbox 512 1589 594 1640; x_wconf 87' lang='lat' dir='ltr'>prora</span> <span class='ocrx_word' id='word_1_120' title='bbox 611 1572 747 1641; x_wconf 85' lang='lat' dir='ltr'>pependit.</span> 
     </span>
    </p>

    <p class='ocr_par' dir='ltr' id='par_1_20' title="bbox 83 1646 843 1716">
     <span class='ocr_line' id='line_1_21' title="bbox 83 1646 843 1716; baseline 0 -18"><span class='ocrx_word' id='word_1_121' title='bbox 83 1646 256 1715; x_wconf 80' lang='lat' dir='ltr'>Consurgunt</span> <span class='ocrx_word' id='word_1_122' title='bbox 277 1651 377 1701; x_wconf 89' lang='lat' dir='ltr'>nautae</span> <span class='ocrx_word' id='word_1_123' title='bbox 398 1652 426 1701; x_wconf 91' lang='lat' dir='ltr'>et</span> <span class='ocrx_word' id='word_1_124' title='bbox 446 1666 543 1716; x_wconf 84' lang='lat' dir='ltr'>magno</span> <span class='ocrx_word' id='word_1_125' title='bbox 563 1649 679 1702; x_wconf 87' lang='lat' dir='ltr'>elamore</span> <span class='ocrx_word' id='word_1_126' title='bbox 697 1649 843 1712; x_wconf 89' lang='lat' dir='ltr'>morantur,</span> 
     </span>
    </p>

    <p class='ocr_par' dir='ltr' id='par_1_21' title="bbox 84 1722 770 1793">
     <span class='ocr_line' id='line_1_22' title="bbox 84 1722 770 1793; baseline 0 -17"><span class='ocrx_word' id='word_1_127' title='bbox 84 1722 266 1793; x_wconf 80' lang='lat' dir='ltr'>Ferratasque</span> <span class='ocrx_word' id='word_1_128' title='bbox 286 1726 383 1778; x_wconf 89' lang='lat' dir='ltr'>trudes</span> <span class='ocrx_word' id='word_1_129' title='bbox 402 1728 430 1778; x_wconf 93' lang='lat' dir='ltr'>et</span> <span class='ocrx_word' id='word_1_130' title='bbox 448 1729 528 1778; x_wconf 90' lang='lat' dir='ltr'>acuta</span> <span class='ocrx_word' id='word_1_131' title='bbox 548 1725 658 1793; x_wconf 90' lang='lat' dir='ltr'>cuspide</span> <span class='ocrx_word' id='word_1_132' title='bbox 677 1728 770 1777; x_wconf 91' lang='lat' dir='ltr'>contos</span> 
     </span>
    </p>

    <p class='ocr_par' dir='ltr' id='par_1_22' title="bbox 85 1800 823 1870">
     <span class='ocr_line' id='line_1_23' title="bbox 85 1800 823 1870; baseline -0.003 -19"><span class='ocrx_word' id='word_1_133' title='bbox 85 1800 247 1868; x_wconf 77' lang='lat' dir='ltr'>llxpediunt,</span> <span class='ocrx_word' id='word_1_134' title='bbox 266 1804 422 1870; x_wconf 81' lang='lat' dir='ltr'>fractosque</span> <span class='ocrx_word' id='word_1_135' title='bbox 440 1802 535 1868; x_wconf 83' lang='lat' dir='ltr'>legunt</span> <span class='ocrx_word' id='word_1_136' title='bbox 553 1802 581 1853; x_wconf 93' lang='lat' dir='ltr'>in</span> <span class='ocrx_word' id='word_1_137' title='bbox 598 1801 706 1867; x_wconf 86' lang='lat' dir='ltr'>gurgite</span> <span class='ocrx_word' id='word_1_138' title='bbox 726 1815 823 1851; x_wconf 87' lang='lat' dir='ltr'>rcrnos.</span> 
     </span>
    </p>

    <p class='ocr_par' dir='ltr' id='par_1_23' title="bbox 88 1876 940 1945">
     <span class='ocr_line' id='line_1_24' title="bbox 88 1876 940 1945; baseline -0.007 -16"><span class='ocrx_word' id='word_1_139' title='bbox 88 1879 123 1929; x_wconf 74' lang='lat' dir='ltr'>st</span> <span class='ocrx_word' id='word_1_140' title='bbox 141 1877 230 1930; x_wconf 85' lang='lat' dir='ltr'>laetus</span> <span class='ocrx_word' id='word_1_141' title='bbox 251 1877 412 1929; x_wconf 86' lang='lat' dir='ltr'>Mnestheus</span> <span class='ocrx_word' id='word_1_142' title='bbox 431 1894 611 1945; x_wconf 86' lang='lat' dir='ltr'>successuque</span> <span class='ocrx_word' id='word_1_143' title='bbox 630 1877 717 1928; x_wconf 85' lang='lat' dir='ltr'>acrior</span> <span class='ocrx_word' id='word_1_144' title='bbox 734 1876 793 1943; x_wconf 89' lang='lat' dir='ltr'>ipso</span> <span class='ocrx_word' id='word_1_145' title='bbox 903 1885 940 1924; x_wconf 81' lang='grc'>010</span> 
     </span>
    </p>

    <p class='ocr_par' dir='ltr' id='par_1_24' title="bbox 88 1951 743 2018">
     <span class='ocr_line' id='line_1_25' title="bbox 88 1951 743 2018; baseline -0.002 -15"><span class='ocrx_word' id='word_1_146' title='bbox 88 1954 202 2018; x_wconf 59' lang='lat' dir='ltr'>ligurine</span> <span class='ocrx_word' id='word_1_147' title='bbox 221 1969 359 2004; x_wconf 88' lang='lat' dir='ltr'>remorum</span> <span class='ocrx_word' id='word_1_148' title='bbox 379 1952 461 2003; x_wconf 91' lang='lat' dir='ltr'>celeri</span> <span class='ocrx_word' id='word_1_149' title='bbox 481 1953 623 2018; x_wconf 78' lang='lat' dir='ltr'>ventisque</span> <span class='ocrx_word' id='word_1_150' title='bbox 642 1951 743 2003; x_wconf 77' lang='lat' dir='ltr'>voeatis</span> 
     </span>
    </p>

    <p class='ocr_par' dir='ltr' id='par_1_25' title="bbox 86 2026 789 2094">
     <span class='ocr_line' id='line_1_26' title="bbox 86 2026 789 2094; baseline -0.003 -16"><span class='ocrx_word' id='word_1_151' title='bbox 86 2029 173 2080; x_wconf 83' lang='lat' dir='ltr'>l&#39;roua</span> <span class='ocrx_word' id='word_1_152' title='bbox 191 2027 263 2094; x_wconf 92' lang='lat' dir='ltr'>petit</span> <span class='ocrx_word' id='word_1_153' title='bbox 281 2027 367 2078; x_wconf 84' lang='lat' dir='ltr'>maria</span> <span class='ocrx_word' id='word_1_154' title='bbox 386 2031 414 2078; x_wconf 98' lang='grc'>00</span> <span class='ocrx_word' id='word_1_155' title='bbox 432 2027 529 2093; x_wconf 86' lang='lat' dir='ltr'>pelago</span> <span class='ocrx_word' id='word_1_156' title='bbox 549 2026 669 2077; x_wconf 85' lang='lat' dir='ltr'>decurrit</span> <span class='ocrx_word' id='word_1_157' title='bbox 687 2028 789 2091; x_wconf 87' lang='lat' dir='ltr'>aperto.</span> 
     </span>
    </p>

    <p class='ocr_par' dir='ltr' id='par_1_26' title="bbox 85 2099 733 2168">
     <span class='ocr_line' id='line_1_27' title="bbox 85 2099 733 2168; baseline -0.008 -14"><span class='ocrx_word' id='word_1_158' title='bbox 85 2103 178 2165; x_wconf 78' lang='lat' dir='ltr'>Qualis</span> <span class='ocrx_word' id='word_1_159' title='bbox 197 2102 325 2168; x_wconf 82' lang='lat' dir='ltr'>spelunea</span> <span class='ocrx_word' id='word_1_160' title='bbox 344 2101 432 2153; x_wconf 92' lang='lat' dir='ltr'>subito</span> <span class='ocrx_word' id='word_1_161' title='bbox 451 2104 585 2153; x_wconf 89' lang='lat' dir='ltr'>commota</span> <span class='ocrx_word' id='word_1_162' title='bbox 603 2099 733 2162; x_wconf 86' lang='lat' dir='ltr'>columba,</span> 
     </span>
    </p>

    <p class='ocr_par' dir='ltr' id='par_1_27' title="bbox 85 2175 815 2242">
     <span class='ocr_line' id='line_1_28' title="bbox 85 2175 815 2242; baseline -0.001 -14"><span class='ocrx_word' id='word_1_163' title='bbox 85 2178 135 2229; x_wconf 83' lang='lat' dir='ltr'>Cui</span> <span class='ocrx_word' id='word_1_164' title='bbox 154 2177 252 2229; x_wconf 83' lang='lat' dir='ltr'>deuius</span> <span class='ocrx_word' id='word_1_165' title='bbox 270 2180 299 2229; x_wconf 91' lang='lat' dir='ltr'>et</span> <span class='ocrx_word' id='word_1_166' title='bbox 318 2177 410 2229; x_wconf 87' lang='lat' dir='ltr'>dulces</span> <span class='ocrx_word' id='word_1_167' title='bbox 428 2176 565 2229; x_wconf 88' lang='lat' dir='ltr'>latebroso</span> <span class='ocrx_word' id='word_1_168' title='bbox 583 2175 610 2227; x_wconf 92' lang='lat' dir='ltr'>in</span> <span class='ocrx_word' id='word_1_169' title='bbox 628 2175 734 2242; x_wconf 87' lang='lat' dir='ltr'>purnice</span> <span class='ocrx_word' id='word_1_170' title='bbox 751 2175 815 2239; x_wconf 91' lang='lat' dir='ltr'>nidi,</span> 
     </span>
    </p>

    <p class='ocr_par' dir='ltr' id='par_1_28' title="bbox 87 2251 943 2321">
     <span class='ocr_line' id='line_1_29' title="bbox 87 2251 943 2321; baseline 0 -17"><span class='ocrx_word' id='word_1_171' title='bbox 87 2253 186 2306; x_wconf 78' lang='lat' dir='ltr'>Fertur</span> <span class='ocrx_word' id='word_1_172' title='bbox 198 2254 225 2305; x_wconf 89' lang='lat' dir='ltr'>in</span> <span class='ocrx_word' id='word_1_173' title='bbox 239 2270 304 2305; x_wconf 81' lang='lat' dir='ltr'>arva</span> <span class='ocrx_word' id='word_1_174' title='bbox 317 2253 416 2320; x_wconf 72' lang='lat' dir='ltr'>solane,</span> <span class='ocrx_word' id='word_1_175' title='bbox 430 2253 610 2321; x_wconf 89' lang='lat' dir='ltr'>plausumque</span> <span class='ocrx_word' id='word_1_176' title='bbox 623 2251 862 2319; x_wconf 82' lang='lat' dir='ltr'>exterritapennis</span> <span class='ocrx_word' id='word_1_177' title='bbox 908 2265 943 2304; x_wconf 79' lang='grc'>010</span> 
     </span>
    </p>

    <p class='ocr_par' dir='ltr' id='par_1_29' title="bbox 87 2328 764 2396">
     <span class='ocr_line' id='line_1_30' title="bbox 87 2328 764 2396; baseline 0.001 -16"><span class='ocrx_word' id='word_1_178' title='bbox 87 2329 231 2383; x_wconf 74' lang='grc'>00000010</span> <span class='ocrx_word' id='word_1_179' title='bbox 250 2330 396 2396; x_wconf 89' lang='lat' dir='ltr'>ingentem,</span> <span class='ocrx_word' id='word_1_180' title='bbox 416 2347 478 2382; x_wconf 83' lang='lat' dir='ltr'>mox</span> <span class='ocrx_word' id='word_1_181' title='bbox 497 2346 560 2382; x_wconf 91' lang='lat' dir='ltr'>aere</span> <span class='ocrx_word' id='word_1_182' title='bbox 578 2329 653 2395; x_wconf 88' lang='lat' dir='ltr'>lapsa</span> <span class='ocrx_word' id='word_1_183' title='bbox 671 2328 764 2396; x_wconf 92' lang='lat' dir='ltr'>quieto</span> 
     </span>
    </p>

    <p class='ocr_par' dir='ltr' id='par_1_30' title="bbox 82 2406 887 2474">
     <span class='ocr_line' id='line_1_31' title="bbox 82 2406 887 2474; baseline 0.002 -17"><span class='ocrx_word' id='word_1_184' title='bbox 82 2406 168 2460; x_wconf 68' lang='lat' dir='ltr'>vltadit</span> <span class='ocrx_word' id='word_1_185' title='bbox 188 2407 242 2460; x_wconf 90' lang='lat' dir='ltr'>iter</span> <span class='ocrx_word' id='word_1_186' title='bbox 261 2406 404 2474; x_wconf 89' lang='lat' dir='ltr'>liquidum,</span> <span class='ocrx_word' id='word_1_187' title='bbox 426 2406 521 2460; x_wconf 87' lang='lat' dir='ltr'>celeris</span> <span class='ocrx_word' id='word_1_188' title='bbox 541 2421 630 2472; x_wconf 89' lang='lat' dir='ltr'>neque</span> <span class='ocrx_word' id='word_1_189' title='bbox 649 2408 800 2458; x_wconf 88' lang='lat' dir='ltr'>commovet</span> <span class='ocrx_word' id='word_1_190' title='bbox 817 2407 887 2459; x_wconf 83' lang='lat' dir='ltr'>elas:</span> 
     </span>
    </p>

    <p class='ocr_par' dir='ltr' id='par_1_31' title="bbox 85 2480 864 2552">
     <span class='ocr_line' id='line_1_32' title="bbox 85 2480 864 2552; baseline 0 -17"><span class='ocrx_word' id='word_1_191' title='bbox 85 2485 127 2536; x_wconf 72' lang='lat' dir='ltr'>Sic</span> <span class='ocrx_word' id='word_1_192' title='bbox 148 2483 316 2551; x_wconf 84' lang='lat' dir='ltr'>Mnestheus,</span> <span class='ocrx_word' id='word_1_193' title='bbox 337 2484 375 2536; x_wconf 89' lang='lat' dir='ltr'>sic</span> <span class='ocrx_word' id='word_1_194' title='bbox 393 2484 452 2552; x_wconf 90' lang='lat' dir='ltr'>ipsa</span> <span class='ocrx_word' id='word_1_195' title='bbox 472 2483 538 2550; x_wconf 83' lang='lat' dir='ltr'>fuga</span> <span class='ocrx_word' id='word_1_196' title='bbox 557 2485 632 2536; x_wconf 85' lang='lat' dir='ltr'>secat</span> <span class='ocrx_word' id='word_1_197' title='bbox 652 2480 748 2534; x_wconf 86' lang='lat' dir='ltr'>ultima</span> <span class='ocrx_word' id='word_1_198' title='bbox 762 2482 864 2535; x_wconf 78' lang='lat' dir='ltr'>‘Pristis</span> 
     </span>
    </p>

    <p class='ocr_par' dir='ltr' id='par_1_32' title="bbox 87 2558 825 2629">
     <span class='ocr_line' id='line_1_33' title="bbox 87 2558 825 2629; baseline -0.003 -16"><span class='ocrx_word' id='word_1_199' title='bbox 87 2566 222 2629; x_wconf 79' lang='lat' dir='ltr'>Aequora,</span> <span class='ocrx_word' id='word_1_200' title='bbox 243 2560 282 2614; x_wconf 89' lang='grc'>010</span> <span class='ocrx_word' id='word_1_201' title='bbox 299 2560 375 2613; x_wconf 89' lang='lat' dir='ltr'>illam</span> <span class='ocrx_word' id='word_1_202' title='bbox 394 2561 449 2614; x_wconf 89' lang='lat' dir='ltr'>sert</span> <span class='ocrx_word' id='word_1_203' title='bbox 469 2560 589 2628; x_wconf 84' lang='lat' dir='ltr'>impetus</span> <span class='ocrx_word' id='word_1_204' title='bbox 606 2559 664 2627; x_wconf 90' lang='lat' dir='ltr'>ipse</span> <span class='ocrx_word' id='word_1_205' title='bbox 683 2558 825 2612; x_wconf 87' lang='lat' dir='ltr'>volantem.</span> 
     </span>
    </p>

    <p class='ocr_par' dir='ltr' id='par_1_33' title="bbox 89 2636 946 2705">
     <span class='ocr_line' id='line_1_34' title="bbox 89 2636 946 2705; baseline -0.001 -17"><span class='ocrx_word' id='word_1_206' title='bbox 89 2639 121 2689; x_wconf 79' lang='lat' dir='ltr'>ht</span> <span class='ocrx_word' id='word_1_207' title='bbox 139 2638 257 2704; x_wconf 88' lang='lat' dir='ltr'>primum</span> <span class='ocrx_word' id='word_1_208' title='bbox 275 2638 302 2690; x_wconf 92' lang='lat' dir='ltr'>in</span> <span class='ocrx_word' id='word_1_209' title='bbox 324 2638 432 2705; x_wconf 89' lang='lat' dir='ltr'>scopulo</span> <span class='ocrx_word' id='word_1_210' title='bbox 455 2637 603 2690; x_wconf 83' lang='lat' dir='ltr'>luctantem</span> <span class='ocrx_word' id='word_1_211' title='bbox 622 2636 727 2689; x_wconf 88' lang='lat' dir='ltr'>deserit</span> <span class='ocrx_word' id='word_1_212' title='bbox 745 2636 800 2689; x_wconf 90' lang='lat' dir='ltr'>alto</span> <span class='ocrx_word' id='word_1_213' title='bbox 910 2649 946 2687; x_wconf 77' lang='lat' dir='ltr'>sao</span> 
     </span>
    </p>

    <p class='ocr_par' dir='ltr' id='par_1_34' title="bbox 86 2713 879 2783">
     <span class='ocr_line' id='line_1_35' title="bbox 86 2713 879 2783; baseline -0.001 -19"><span class='ocrx_word' id='word_1_214' title='bbox 86 2715 244 2780; x_wconf 77' lang='lat' dir='ltr'>Sergestum</span> <span class='ocrx_word' id='word_1_215' title='bbox 262 2713 445 2783; x_wconf 86' lang='lat' dir='ltr'>brevibusque</span> <span class='ocrx_word' id='word_1_216' title='bbox 467 2713 544 2766; x_wconf 84' lang='lat' dir='ltr'>vadis</span> <span class='ocrx_word' id='word_1_217' title='bbox 565 2713 721 2781; x_wconf 83' lang='lat' dir='ltr'>frustraque</span> <span class='ocrx_word' id='word_1_218' title='bbox 739 2716 879 2766; x_wconf 76' lang='lat' dir='ltr'>vocantem</span> 
     </span>
    </p>

    <p class='ocr_par' dir='ltr' id='par_1_35' title="bbox 88 2788 763 2844">
     <span class='ocr_line' id='line_1_36' title="bbox 88 2788 763 2844; baseline 0.001 -3"><span class='ocrx_word' id='word_1_219' title='bbox 88 2789 198 2844; x_wconf 75' lang='lat' dir='ltr'>Auxilia</span> <span class='ocrx_word' id='word_1_220' title='bbox 216 2791 357 2844; x_wconf 77' lang='lat' dir='ltr'>attractis</span> <span class='ocrx_word' id='word_1_221' title='bbox 377 2791 528 2844; x_wconf 88' lang='lat' dir='ltr'>discentem</span> <span class='ocrx_word' id='word_1_222' title='bbox 547 2806 656 2843; x_wconf 86' lang='lat' dir='ltr'>currere</span> <span class='ocrx_word' id='word_1_223' title='bbox 674 2788 763 2842; x_wconf 73' lang='lat' dir='ltr'>remis,</span> 
     </span>
    </p>

    <p class='ocr_par' dir='ltr' id='par_1_36' title="bbox 88 2865 823 2934">
     <span class='ocr_line' id='line_1_37' title="bbox 88 2865 823 2934; baseline -0.001 -17"><span class='ocrx_word' id='word_1_224' title='bbox 88 2865 157 2917; x_wconf 89' lang='lat' dir='ltr'>lude</span> <span class='ocrx_word' id='word_1_225' title='bbox 177 2867 253 2933; x_wconf 85' lang='lat' dir='ltr'>Gyen</span> <span class='ocrx_word' id='word_1_226' title='bbox 272 2867 414 2933; x_wconf 85' lang='lat' dir='ltr'>ipsamque</span> <span class='ocrx_word' id='word_1_227' title='bbox 435 2867 540 2934; x_wconf 90' lang='lat' dir='ltr'>ingenti</span> <span class='ocrx_word' id='word_1_228' title='bbox 561 2867 631 2920; x_wconf 93' lang='lat' dir='ltr'>mole</span> <span class='ocrx_word' id='word_1_229' title='bbox 651 2866 823 2919; x_wconf 78' lang='lat' dir='ltr'>Chimaeram</span> 
     </span>
    </p>

    <p class='ocr_par' dir='ltr' id='par_1_37' title="bbox 87 2939 881 3010">
     <span class='ocr_line' id='line_1_38' title="bbox 87 2939 881 3010; baseline -0.004 -17"><span class='ocrx_word' id='word_1_230' title='bbox 87 2941 287 3009; x_wconf 79' lang='lat' dir='ltr'>Consequitur3</span> <span class='ocrx_word' id='word_1_231' title='bbox 305 2941 385 3008; x_wconf 90' lang='lat' dir='ltr'>cedit,</span> <span class='ocrx_word' id='word_1_232' title='bbox 405 2943 532 3010; x_wconf 83' lang='lat' dir='ltr'>quoniam</span> <span class='ocrx_word' id='word_1_233' title='bbox 552 2943 666 3010; x_wconf 88' lang='lat' dir='ltr'>spoliata</span> <span class='ocrx_word' id='word_1_234' title='bbox 683 2939 814 3006; x_wconf 83' lang='lat' dir='ltr'>magistro</span> <span class='ocrx_word' id='word_1_235' title='bbox 832 2940 881 2991; x_wconf 73' lang='lat' dir='ltr'>est,</span> 
     </span>
    </p>

    <p class='ocr_par' dir='ltr' id='par_1_38' title="bbox 87 3010 949 3090">
     <span class='ocr_line' id='line_1_39' title="bbox 87 3010 949 3090; baseline -0.009 -17"><span class='ocrx_word' id='word_1_236' title='bbox 87 3019 166 3073; x_wconf 85' lang='lat' dir='ltr'>Solus</span> <span class='ocrx_word' id='word_1_237' title='bbox 185 3010 294 3084; x_wconf 80' lang='lat' dir='ltr'>iamque</span> <span class='ocrx_word' id='word_1_238' title='bbox 312 3017 371 3085; x_wconf 90' lang='lat' dir='ltr'>ipso</span> <span class='ocrx_word' id='word_1_239' title='bbox 390 3023 514 3087; x_wconf 85' lang='lat' dir='ltr'>superest</span> <span class='ocrx_word' id='word_1_240' title='bbox 532 3020 560 3071; x_wconf 94' lang='lat' dir='ltr'>in</span> <span class='ocrx_word' id='word_1_241' title='bbox 579 3019 633 3071; x_wconf 89' lang='lat' dir='ltr'>fine</span> <span class='ocrx_word' id='word_1_242' title='bbox 654 3014 815 3090; x_wconf 83' lang='lat' dir='ltr'>Cloanthus:</span> <span class='ocrx_word' id='word_1_243' title='bbox 911 3025 949 3066; x_wconf 79' lang='lat' dir='ltr'>ere</span> 
     </span>
    </p>

    <p class='ocr_par' dir='ltr' id='par_1_39' title="bbox 88 3091 835 3162">
     <span class='ocr_line' id='line_1_40' title="bbox 88 3091 835 3162; baseline -0.003 -16"><span class='ocrx_word' id='word_1_244' title='bbox 88 3097 177 3159; x_wconf 82' lang='lat' dir='ltr'>Quom</span> <span class='ocrx_word' id='word_1_245' title='bbox 196 3094 276 3162; x_wconf 87' lang='lat' dir='ltr'>petit,</span> <span class='ocrx_word' id='word_1_246' title='bbox 292 3097 321 3147; x_wconf 92' lang='lat' dir='ltr'>et</span> <span class='ocrx_word' id='word_1_247' title='bbox 340 3094 452 3147; x_wconf 88' lang='lat' dir='ltr'>summis</span> <span class='ocrx_word' id='word_1_248' title='bbox 470 3093 588 3148; x_wconf 74' lang='lat' dir='ltr'>adnisus</span> <span class='ocrx_word' id='word_1_249' title='bbox 605 3091 709 3148; x_wconf 87' lang='lat' dir='ltr'>viribus</span> <span class='ocrx_word' id='word_1_250' title='bbox 728 3092 835 3158; x_wconf 83' lang='lat' dir='ltr'>urguet</span> 
     </span>
    </p>

    <p class='ocr_par' dir='ltr' id='par_1_40' title="bbox 88 3168 948 3240">
     <span class='ocr_line' id='line_1_41' title="bbox 88 3168 948 3240; baseline -0.002 -17"><span class='ocrx_word' id='word_1_251' title='bbox 88 3172 157 3223; x_wconf 82' lang='lat' dir='ltr'>&#39;l&#39;um</span> <span class='ocrx_word' id='word_1_252' title='bbox 176 3187 241 3224; x_wconf 85' lang='lat' dir='ltr'>vero</span> <span class='ocrx_word' id='word_1_253' title='bbox 259 3169 410 3238; x_wconf 86' lang='lat' dir='ltr'>ingeminat</span> <span class='ocrx_word' id='word_1_254' title='bbox 427 3169 537 3240; x_wconf 84' lang='lat' dir='ltr'>elamor,</span> <span class='ocrx_word' id='word_1_255' title='bbox 555 3168 702 3237; x_wconf 83' lang='lat' dir='ltr'>cunctique</span> <span class='ocrx_word' id='word_1_256' title='bbox 718 3181 804 3237; x_wconf 79' lang='lat' dir='ltr'>seque</span> <span class='ocrx_word' id='word_1_257' title='bbox 921 3188 948 3231; x_wconf 70' lang='lat' dir='ltr'>¹r</span> 
     </span>
    </p>
   </div>
   <div class='ocr_carea' id='block_1_3' title="bbox 0 0 1025 3524">
    <p class='ocr_par' dir='ltr' id='par_1_41' title="bbox 0 0 1025 3524">
     <span class='ocr_line' id='line_1_42' title="bbox 0 0 1025 3524; baseline 0 0"><span class='ocrx_word' id='word_1_258' title='bbox 0 0 1025 3524; x_wconf 95' lang='lat' dir='ltr'> </span> 
     </span>
    </p>
   </div>
  </div>
 </body>
</html>
