2032 3524
304 353 334 403 P.
353 352 505 401 VERGILI
524 350 688 399 MARONIS

270 506 726 582 AENEIDOS

327 709 444 762 LIBER
475 706 669 762 SEPTIMUS.

446 868 548 895 —o—

77 984 117 1036 Te
136 997 243 1050 quoque
261 979 386 1032 litoribus
403 982 512 1046 nostris,
532 983 637 1036 Aeneia
653 981 755 1049 nutrix,

78 1061 228 1111 Aeternam
247 1055 364 1109 nrorieus
383 1055 489 1122 iarnaur,
509 1057 611 1124 Caieta,
631 1056 731 1110 dedisti
738 1076 746 1121 ;

79 1136 113 1186 lit
131 1151 201 1185 nuno
220 1137 309 1184 serrat
326 1132 410 1183 honos
429 1132 522 1185 sedern
541 1136 612 1200 tuus,
631 1149 747 1201 ossaque
765 1149 867 1189 nomen

78 1209 213 1276 llesperia
231 1208 257 1258 in
277 1224 381 1273 inagna,
401 1208 424 1259 si
442 1226 496 1275 qua
514 1213 557 1262 est
575 1226 607 1263 ea
623 1208 717 1276 gloria,
736 1208 837 1273 signat

78 1287 117 1337 At
136 1285 197 1351 pius
215 1282 351 1349 exsequiis
372 1285 479 1336 Aeneas
497 1285 550 1337 rito
569 1285 671 1350 solutis,
920 1302 931 1343 s

78 1363 189 1426 Aggere
206 1359 345 1425 conposito
363 1359 468 1424 tumuli,
487 1364 630 1428 postquam
648 1361 704 1414 alta
721 1361 855 1428 quierunt

78 1439 214 1504 Aequora,
233 1434 323 1488 tendit
341 1435 395 1487 iter
414 1435 487 1501 reiis,
505 1440 669 1503 portumque
687 1436 828 1504 relinquit

79 1513 229 1580 Adspirant
247 1528 328 1564 aurae
346 1511 373 1562 in
391 1515 507 1578 noetenr,
526 1527 575 1565 uee
593 1512 709 1564 eandida
726 1528 824 1567 cursus

78 1589 155 1640 Luna
173 1591 262 1655 negat,
282 1587 408 1654 splendet
425 1589 542 1639 tremulo
561 1586 612 1640 sub
630 1587 730 1641 lumine
748 1592 859 1655 pontus.

79 1666 215 1716 l'rornrna
233 1664 359 1717 Circaeae
378 1663 512 1716 raduntur
529 1664 610 1716 litora
631 1666 729 1731 terroe,
909 1682 933 1723 lo

79 1741 161 1792 llives
179 1740 327 1793 inaccessos
346 1739 393 1791 ubi
412 1739 481 1791 Solis
500 1740 554 1792 filia
572 1740 645 1794 lueos

79 1816 204 1868 Adsiduo
222 1819 330 1869 resonat
349 1819 436 1871 cautu,
457 1817 591 1883 tectisque
609 1815 733 1884 superbis

78 1892 143 1945 Urit
160 1893 301 1945 odoratam
320 1896 451 1945 necturna
470 1893 495 1943 in
515 1891 755 1965 lunrinaleerlrum‚

79 1970 187 2037 Arguto
206 1971 295 2022 tenuis
313 1985 475 2037 percurrens
494 1968 600 2035 pectine
619 1968 695 2021 telas.

80 2045 151 2097 lline
169 2046 291 2098 exaudiri
309 2045 426 2113 gemitus
445 2045 557 2111 iraeque
575 2044 689 2109 leonum,
912 2066 935 2106 1⁶

79 2121 174 2174 l'inela
192 2125 363 2174 recusantum
384 2124 412 2173 et
430 2137 490 2172 sera
509 2119 559 2172 sub
577 2124 657 2173 noete
675 2121 837 2193 rudentum,

79 2198 266 2265 Saetigerique
285 2215 346 2250 sues
365 2201 447 2264 atque
465 2197 493 2247 in
512 2195 689 2264 praesepibus
706 2198 765 2250 ursi

79 2274 195 2339 Saevire,
213 2289 244 2325 ae
262 2274 363 2325 sorrnae
382 2290 540 2339 rnagnoruru
559 2272 663 2327 ululare
681 2272 817 2344 luporum,

80 2350 152 2410 <laos
170 2349 307 2401 hominum
326 2366 359 2401 ex
378 2349 445 2401 faeie
464 2350 516 2402 (lea
534 2366 614 2403 saeva
631 2349 796 2417 potentibus
813 2352 915 2411 herbis

80 2425 212 2476 lruluerat
231 2424 308 2476 Circo
326 2425 352 2475 in
372 2425 460 2477 voltus
479 2441 510 2478 ae
528 2429 606 2492 terga
623 2426 748 2478 feraruua
913 2447 937 2489 α

79 2500 154 2561 Quae
171 2517 206 2552 no
224 2503 345 2553 monstra
362 2502 399 2568 pii
418 2505 579 2569 paterentur
597 2501 663 2555 talia
680 2501 766 2556 Troes

80 2574 170 2629 llolati
188 2577 215 2629 in
234 2580 337 2644 portus,
356 2594 408 2630 neu
427 2578 507 2630 litora
525 2578 584 2630 (lira
603 2577 735 2642 subirent,

78 2652 223 2721 Neptunus
241 2654 329 2706 ventis
348 2654 461 2722 inplevit
480 2654 538 2706 vela
556 2653 688 2720 secundis,

80 2730 174 2797 Atque
193 2730 284 2797 fugam
304 2731 389 2789 ‹ienia
409 2735 436 2781 et
454 2732 565 2796 praeter
583 2729 654 2783 vada
672 2729 782 2786 fervida
799 2738 890 2793 vexit,

113 2808 227 2873 lanupre
246 2805 407 2857 rubescebat
426 2803 509 2863 radiis
528 2820 609 2872 snare,
629 2808 658 2858 ot
676 2806 791 2862 aethere
809 2810 850 2866 ab
868 2812 926 2869 alto

82 2885 189 2933 Aurora
207 2881 233 2932 in
253 2881 338 2932 'roseis
356 2878 479 2945 fulgebat
498 2879 572 2931 lutea
590 2881 673 2948 bigis:

81 2959 149 3009 Cum
168 2958 241 3010 venti
259 2971 382 3023 posuere,
400 2953 540 3020 omnisque
558 2959 672 3022 repento
690 2961 798 3015 resedit

82 3032 184 3098 Flatus‚
202 3033 231 3084 et
248 3030 276 3083 in
294 3030 367 3082 lento
387 3028 523 3081 laetantur
542 3044 677 3084 marmore
694 3035 800 3093 tonsae,
