2032 3524
339 110 416 158 AEN
420 111 524 159 uiuos
542 112 610 160 LIB.
629 111 679 160 IV.
886 111 933 160 145

81 188 137 243 Sed
154 189 218 243 fatis
236 188 340 242 incerta
358 189 438 256 seror,
457 191 480 243 si
500 191 629 259 Iuppiter
645 207 726 243 unam
900 203 936 245 111

81 265 148 318 Ilsse
165 266 233 318 velit
251 265 337 333 Tyriis
354 266 451 320 urbem
469 267 604 334 Troiaque
622 266 762 334 proiectis,

80 340 225 394 bliscerive
242 341 340 410 probet
357 343 478 411 populos,
496 347 544 396 aut
561 343 673 407 foedera
690 342 771 411 iungi.

80 416 121 469 'lu
139 417 268 482 coniunx;
286 417 336 470 tibi
354 419 395 471 fas
412 419 531 471 animum
550 421 687 487 temptare
704 419 848 488 precando.

80 492 182 561 Perge3
201 509 306 562 sequar.
344 494 412 546 Tum
430 495 469 547 sic
487 495 596 562 excepit
614 495 690 563 regia
709 495 792 549 Iuno:

79 568 188 621 Mecum
201 569 254 621 erit
266 569 319 622 istc
331 568 417 623 labor.
454 570 533 623 Nunc
552 587 606 639 qua
624 572 736 637 ratione,
749 571 824 640 quod
840 570 934 634 instat,

79 644 198 704 Oonfieri
215 646 307 712 possit,
326 646 425 714 paucis,
443 646 565 714 adverte,
585 646 694 700 docebo.
899 660 936 700 uc

80 720 219 773 Venatum
237 722 347 774 Aeneas
365 738 474 790 unaque
493 724 645 776 miserrima
665 724 736 776 Dido

80 795 114 848 In
131 813 226 849 nemus
244 798 284 850 ire
302 801 408 865 parant,
426 799 474 850 ubi
493 799 594 866 primus
612 799 746 852 crastinus
763 804 841 851 ortus

79 872 216 926 Extulerit
235 873 315 926 Titan
333 874 474 943 radiisque
492 875 627 928 retexerit
645 874 746 928 orbem

80 950 133 1002 His
151 967 201 1016 ego
219 950 373 1017 nigrantem
392 951 539 1004 commixta
556 950 689 1018 gramline
707 951 836 1016 nimbum,
904 965 936 1006 lm

79 1026 151 1079 Dum
171 1027 312 1094 trepidant
330 1027 396 1094 alae,
415 1027 556 1094 saltusque
574 1026 703 1092 indagine
720 1026 841 1092 cingunt,

81 1103 204 1170 Desuper
221 1103 371 1168 infundam,
391 1106 420 1155 et
438 1103 544 1155 tonitru
562 1102 666 1154 caelum
685 1119 763 1154 omne
781 1101 865 1155 ciebo.
955 1167 956 1170 Ἴ

78 1177 231 1244 Diffugient
249 1178 362 1231 comites
381 1182 409 1231 et
427 1181 507 1230 noete
525 1181 654 1244 tegentur
672 1194 767 1246 opaca:

79 1253 242 1320 Speluncam
262 1252 333 1305 Dido
353 1252 409 1305 dux
428 1257 457 1307 ct
475 1253 606 1305 Troianus
627 1253 741 1307 eandem

79 1330 239 1383 Devenient.
277 1329 379 1396 Adara,
393 1339 429 1396 et,
440 1341 489 1383 tua
501 1329 524 1382 si
535 1328 603 1381 mihi
615 1333 691 1383 certa
703 1329 835 1396 voluutas,
899 1343 936 1384 125

79 1405 220 1459 Connubio
237 1406 347 1474 iungam
365 1406 457 1459 stabili
474 1405 666 1475 propriamque
684 1405 787 1459 dicabo.

79 1482 133 1535 Hic
151 1483 315 1551 hymenaeus
333 1482 489 1536 erit—Non
507 1483 654 1538 adversata
671 1483 778 1551 petenti

79 1558 193 1626 Adnuit,
213 1562 296 1626 atque
315 1559 385 1611 dolis
403 1558 465 1611 risit
484 1558 762 1627 Cytherea-repertis.

117 1635 254 1688 Oceanum
272 1636 378 1688 interea
396 1652 509 1701 surgens
520 1637 641 1688 ’11111111
658 1635 776 1703 reliquit.

80 1711 108 1765 lt
128 1712 213 1779 portis
231 1711 333 1764 iubare·
345 1714 440 1764 exorto
459 1711 566 1764 delecta
584 1711 725 1774 iuventus;
899 1726 934 1766 111

82 1787 162 1840 lletia
180 1804 249 1853 rara,
268 1787 373 1854 plagae,
393 1786 448 1839 111ο
468 1787 601 1840 venabula
619 1788 698 1847 ferro,

79 1862 245 1931 Massylique
263 1869 348 1918 ruunt
365 1864 472 1932 equites
490 1866 519 1916 et
537 1863 621 1916 odora
640 1880 735 1916 canum
754 1864 801 1921 vis.

81 1939 212 2005 ltcginam
231 1939 350 1992 thalamo
369 1943 542 1992 cunctantem
560 1939 597 1991 ad
614 1938 707 1991 limina
725 1939 805 2005 primi

81 2015 232 2066 Poenorum
251 2018 419 2080 exspectant,
439 2019 568 2080 ostroque
586 2014 700 2079 insignis
718 2017 748 2066 et
764 2030 831 2066 auro

80 2090 142 2142 aaa
161 2090 269 2155 sonipes
287 2105 318 2140 ac
336 2089 414 2140 frena
431 2089 509 2140 ferox
527 2090 682 2155 spumantia
699 2088 812 2141 mandit
900 2104 935 2143 131

80 2164 202 2216 Tandem
220 2163 396 2232 progreditur
413 2180 512 2230 magna
530 2163 651 2230 stipante
669 2168 785 2230 caterva,

80 2240 219 2293 Sidoniam
237 2241 309 2307 picto
328 2239 497 2306 chlamydem
516 2239 683 2293 circumdata
700 2238 793 2292 limbo.

79 2316 131 2370 Oui
149 2316 279 2385 pharetra
297 2333 331 2369 ex
350 2331 423 2380 auro,
443 2315 530 2368 crines
549 2313 687 2367 nodantur
703 2314 731 2367 in
749 2330 852 2382 aurum,

82 2397 175 2446 Aurea
192 2409 357 2461 purpuream
376 2391 515 2445 subnectit
533 2390 617 2444 fibula
636 2395 748 2446 vestem

80 2470 104 2521 N
107 2486 138 2522 ec
156 2486 209 2522 non
227 2474 257 2522 et
276 2469 386 2537 Phrygii
405 2468 518 2522 comites
537 2472 565 2522 et
584 2468 671 2521 laetus
691 2467 767 2521 lulus
900 2483 936 2522 me

81 2545 223 2600 incedunt
262 2546 326 2614 Ipse
344 2550 409 2598 ante
427 2545 494 2599 alios
511 2543 710 2614 pulcherrimus
727 2545 813 2599 omnis

83 2621 169 2675 lnfert
188 2639 217 2675 se
235 2623 335 2676 socium
355 2624 463 2675 Aeneas
482 2625 565 2689 atque
583 2620 691 2689 agmina
710 2621 805 2688 iungit.

81 2696 174 2760 Qualis
191 2697 238 2750 ubi
256 2698 398 2752 hibernam
417 2698 528 2767 Lyciam
545 2698 705 2766 Xanthique
723 2697 826 2751 fluenta

84 2773 191 2826 Deserit
209 2790 240 2829 ac
260 2774 358 2828 Delum
375 2778 527 2829 maternam
545 2775 639 2829 invisit
659 2774 757 2842 Apollo

81 2848 276 2918 instauratque
294 2851 397 2919 choros,
415 2852 549 2920 mixtique
567 2851 665 2903 altaria
682 2850 782 2902 circum
880 2861 936 2902 «111

82 2924 232 2992 Cretesque
252 2927 427 2995 Dryopesque
445 2928 565 2980 fremunt
583 2926 706 2995 pictique
728 2924 875 2991 Agathyrsi
881 2944 888 2988 ;

83 3001 146 3068 lpse
164 3002 234 3068 iugis
253 3003 352 3068 Cynthi
370 3003 502 3070 graditur,
520 3004 649 3071 mollique
668 3002 796 3054 fluentem

85 3076 191 3130 Fronde
209 3079 310 3146 premit
327 3079 427 3132 crinem
446 3080 551 3147 fingens
569 3083 652 3146 atque
671 3077 785 3144 inplicat
802 3092 877 3143 aure,

81 3154 148 3206 'l'ela
163 3157 261 3208 sonant
280 3155 412 3209 humeris:
430 3154 504 3209 haud
522 3155 568 3208 illo
586 3152 695 3222 segnior
710 3151 769 3207 ibat
