2032 3524
340 116 546 164 GEORGICON
564 117 632 166 LIB.
650 119 685 164 Il.
901 121 930 166 49

81 199 141 253 Hoc
159 197 288 266 pinguem
306 200 335 250 et
353 196 481 264 placitam
501 197 565 250 Paci
583 198 701 251 nutritor
719 198 826 251 olivam.
896 212 932 250 425

115 274 200 327 Poma
219 289 334 340 quoque,
354 276 384 326 ut
403 273 520 340 primum
537 278 648 328 truncos
667 291 776 327 sensero
794 273 910 326 valentis

80 351 118 403 nt
136 350 201 402 viris
219 348 340 401 habuere
359 365 429 415 suas,
448 349 484 402 ad
503 350 594 403 sidera
612 351 712 419 raptim

79 426 117 480 vi
134 426 244 494 propria
263 426 389 478 nituntur
407 426 520 494 opisque
539 427 614 479 haud
633 427 726 493 indiga
743 430 860 480 nostrae.

79 503 105 556 N
108 519 139 555 ec
157 505 246 554 minus
265 501 371 554 interea
389 502 561 555 ieiunemus
579 520 657 555 omne
675 502 818 570 gravescit,

79 579 296 647 Sanguiueisque
315 577 418 630 inculta
436 579 537 632 rubent
555 579 657 632 aviaria
674 579 760 632 bacis:
896 594 933 631 mo

79 656 240 710 Tondentur
258 655 344 723 cytisi,
362 655 458 708 taedas
477 656 544 708 silva
562 657 618 709 alta
636 656 781 720 ministrat,

81 731 288 800 Pascunturque
307 732 383 800 ignes
402 733 527 785 nocturni
546 736 575 786 et
593 733 696 785 lumina
713 731 845 784 fundunt:

80 808 116 861 llt
134 807 262 861 dubitant
280 807 403 862 homines
422 826 512 862 serere
532 814 615 877 atque
635 809 784 878 inpendere
802 808 912 860 eurami

80 883 153 947 Quid
172 885 275 938 maiora
294 886 409 953 sequarl
429 885 525 938 salices
543 885 715 953 humilesque
733 888 869 952 genestae,

80 963 141 1013 Aut
157 960 220 1014 illae
238 961 329 1030 pecori
348 961 473 1015 frondem
492 966 540 1014 aut
558 962 714 1030 pastoribus
732 959 842 1013 umbras
897 974 933 1011 aas

80 1037 229 1102 Sufficiunt,
249 1054 413 1105 saepemque
432 1038 498 1090 satis
517 1042 546 1090 ot
563 1037 663 1105 pabula
682 1037 762 1089 melli.

80 1113 117 1166 Et
134 1113 210 1165 iuvat
228 1112 378 1165 undantem
398 1112 471 1164 buxo
490 1117 614 1180 spectare
633 1113 762 1180 Cytorum

80 1188 270 1256 Naryciusque
288 1188 356 1255 picis
375 1188 457 1256 lucos,
475 1188 551 1241 iuvat
569 1205 634 1241 arva
652 1188 744 1241 videre

80 1263 143 1318 Non
161 1262 265 1330 rastris,
285 1263 424 1316 hominum
443 1281 496 1318 non
515 1264 562 1316 ulli
581 1265 697 1317 obnoxia
714 1280 802 1317 curae.

81 1339 164 1407 Ipsae
184 1340 312 1393 Caucasio
332 1341 438 1394 steriles
456 1341 485 1394 in
504 1342 606 1395 vertice
624 1342 714 1408 silvae,
899 1353 934 1394 ssu

81 1415 155 1479 Quas
173 1417 286 1470 animosi
307 1417 372 1470 lluri
391 1418 507 1472 adsidue
525 1419 710 1486 franguntque
729 1417 881 1484 feruntque,

81 1491 156 1545 Dant
173 1493 239 1546 alios
258 1493 327 1547 uliae
346 1494 427 1562 fetus,
446 1495 515 1548 dant
533 1495 601 1547 utile
621 1494 725 1560 lignum

80 1567 106 1621 N
109 1569 201 1636 avigiis
219 1570 304 1638 pinos,
324 1571 449 1623 domibus
468 1571 637 1637 cedrumque
656 1585 866 1636 cupressosque;

82 1643 154 1696 Hine
171 1645 262 1698 radios
282 1646 383 1699 trivere
403 1648 477 1713 rotis,
496 1647 558 1699 hine
576 1649 705 1714 tympana
723 1645 854 1713 plaustris

82 1720 234 1787 Agricolae,
254 1726 284 1775 et
301 1722 405 1791 pandas
424 1723 529 1777 ratibus
547 1739 662 1791 posuere
676 1722 793 1785 carinam
899 1734 936 1771 aas

82 1795 235 1850 Viminibus
255 1798 349 1852 salices
367 1797 508 1866 fecundae,
528 1798 670 1851 frondibus
689 1798 762 1862 ulmi,

83 1875 122 1924 At
141 1878 245 1940 myrtus
264 1875 361 1928 validis
379 1876 524 1929 hastilibus
544 1878 572 1927 et
590 1874 662 1926 bona
680 1873 751 1926 bello

82 1949 202 2013 Cornus;
224 1950 351 2004 Ituraeos
369 1953 427 2004 taxi
446 1955 612 2018 torquentur
629 1950 657 2002 in
675 1967 768 2014 areus;

82 2024 107 2077 N
110 2041 141 2076 ec
158 2025 234 2078 tiliae
253 2025 326 2078 leves
346 2032 393 2079 aut
412 2031 491 2078 torno
510 2026 591 2078 rasile
610 2026 712 2078 buxum

82 2100 107 2153 N
110 2117 145 2152 on
163 2100 278 2153 formem
297 2102 433 2169 accipiunt
452 2102 579 2167 ferroque
598 2104 728 2154 cavantur
746 2106 839 2167 acut03
901 2117 937 2154 aa

83 2175 214 2228 Necnon
233 2180 262 2230 et
280 2180 432 2230 torrentem
451 2176 553 2229 undam
572 2176 639 2228 levis
658 2176 764 2229 innatat
783 2176 867 2241 alnus,

83 2252 168 2304 Missa
187 2252 277 2320 Pado;
299 2270 349 2307 uec
368 2271 421 2306 non
441 2259 469 2308 et
488 2271 552 2322 apes
571 2252 694 2306 examina
712 2251 833 2305 condunt

83 2329 292 2399 Corticibusque
311 2330 383 2384 cavis
402 2332 572 2398 vitiosaeque
591 2328 658 2381 ilicis
676 2328 760 2381 alveo.

83 2404 156 2468 de
174 2406 379 2460 memorandum
399 2425 487 2475 aeque
507 2405 640 2459 Baccheia
658 2404 729 2457 dona
746 2405 885 2458 tuleruntl

83 2481 205 2535 Bacchus
224 2482 307 2536 etad
326 2484 431 2550 culpam
451 2500 560 2536 caussas
580 2481 670 2534 dedit:
692 2481 737 2534 ille
755 2480 872 2534 furentis
901 2494 937 2534 455

83 2556 234 2612 Centauros
252 2559 308 2613 leto
328 2560 441 2627 domuit,
462 2559 655 2627 Rhoetumque
675 2557 844 2625 Pholumque

83 2632 120 2685 Et
138 2650 235 2701 magno
255 2635 390 2703 Hylaeum
411 2636 535 2705 Lapithis
554 2639 661 2688 cratere
680 2635 837 2686 minantem.

118 2710 141 2761 Ο
160 2709 312 2765 fortunatos
331 2713 451 2780 nimium,
472 2729 521 2764 sua
539 2713 561 2764 si
579 2711 649 2764 bona
667 2710 765 2776 norint,

85 2785 234 2853 Agricolae,
254 2788 353 2856 quibus
372 2788 438 2856 ipsa,
456 2787 550 2857 procul
570 2786 740 2840 discordibus
758 2784 849 2849 aroris,

84 2860 188 2915 Fundit
205 2863 288 2916 humo
307 2864 412 2917 facilem
431 2865 532 2917 vietum
550 2864 697 2916 iustissima
715 2860 810 2915 tellus!
902 2872 939 2912 reo

84 2936 114 2990 Si
131 2955 185 2992 non
202 2939 341 3006 ingentem
359 2939 464 2992 foribus
482 2940 579 2993 domus
599 2940 655 2992 alta
675 2935 799 3006 superbis

84 3013 167 3067 Mane
185 3015 353 3068 salutantum
372 3016 437 3068 totis
455 3016 540 3068 vomit
559 3015 673 3067 aedibus
691 3013 800 3079 undam,

85 3089 144 3143 Nec
162 3091 250 3144 varios
268 3090 374 3144 inhiant
392 3092 505 3158 pulchra
523 3091 662 3145 testudine
681 3089 774 3157 postis,

86 3165 249 3236 Inlusasque
266 3182 333 3220 suro
351 3170 448 3228 vestes,
469 3166 657 3234 Ephyreiaque
675 3181 746 3231 aera,
