2032 3524
85 118 130 166 lta
316 114 344 161 P.
363 113 515 163 l'IlRGILI
534 116 697 166 trasonis

85 196 235 262 Sideraque
253 210 378 247 ernonsao
396 194 517 259 ferinmr,
535 198 602 251 dum
618 214 670 266 per
686 215 763 254 maro
779 218 913 273 maguum

85 273 193 326 Italiam
212 271 351 338 sequimur
368 271 525 341 lugientem,
543 278 572 328 ot
589 274 723 328 volvimur
738 278 829 333 unelis

86 348 139 400 ilie
158 348 251 415 liryeis
269 348 336 401 lines
354 349 474 411 fraterni,
492 355 575 419 atquo
592 350 691 419 hospes
710 352 841 409 Acestes:
900 372 938 412 uro

84 425 150 489 (liris
168 424 294 492 prohibet
312 442 403 477 nmros
420 426 508 480 iacere
526 431 555 479 et
573 426 640 480 (lare
657 428 760 481 civibus
776 430 895 489 urbemi

83 506 106 551 i)
126 502 216 569 latria
233 505 261 554 et
280 502 351 569 rapti
369 503 534 571 nequiqumn
551 520 587 556 os
605 503 683 557 hoste
702 504 829 575 Penates,

83 577 199 630 Nullane
217 579 270 630 inm
289 577 385 629 Troiae
403 578 530 633 dicontur
547 579 670 634 moeniti
686 596 823 650 nusquam

84 654 235 707 lleetorens
253 655 347 721 amnis,
367 654 506 708 Xanthum
525 660 554 709 et
572 656 718 723 Simoenta,
735 657 857 714 ridebo?

83 731 154 792 Qnin
172 732 245 798 agito
263 735 292 784 et
309 748 414 784 meeum
432 733 563 786 insentatas
580 734 688 787 exurite
704 734 812 803 puppis
900 750 938 801 ω

84 805 153 859 Nam
173 807 237 859 mihi
257 806 426 861 Cassandrae
443 826 493 876 per
511 826 633 863 somnum
650 811 720 864 vatis
736 810 829 879 imago

84 882 216 936 :tuleritis
235 884 300 937 liare
318 885 375 937 sisa
391 885 476 940 saeos:
501 887 555 940 Hic
572 886 697 956 quaerito
714 887 838 954 'l’roiam3

84 957 136 1011 liic
154 960 250 1013 (leuius
267 964 317 1027 est,
335 962 431 1031 inquit,
449 963 531 1017 robis.
570 964 629 1017 Iam
646 968 754 1032 tompus
770 964 817 1033 ogi
834 980 888 1025 τω.

82 1034 107 1085 N
110 1052 140 1088 ec
157 1038 242 1090 tantis
259 1055 335 1091 mora
352 1040 488 1108 prodigiis,
527 1042 568 1093 En
587 1044 717 1109 quattuor
733 1056 798 1093 arao

81 1111 226 1181 Neptun03
247 1115 315 1169 (ieris
333 1118 391 1184 ipsc
408 1119 479 1171 faces
497 1118 670 1185 animumque
686 1116 832 1177 ministrat.
899 1130 937 1170 tto

83 1189 159 1243 Ilaec
178 1209 329 1245 memorans
345 1193 433 1259 prima
450 1192 584 1246 infensum
602 1195 630 1246 vi
646 1192 758 1261 corripit
774 1191 876 1263 Quom,

83 1268 250 1338 :mirataque
267 1270 359 1339 procul
378 1270 477 1323 dextra
494 1271 607 1323 connixa
624 1270 756 1335 coruscat,

82 1342 119 1394 lit
136 1346 206 1398 iaeit.
243 1347 375 1400 Arreetae
393 1349 499 1399 mentes
516 1345 724 1415 stupefactaque
739 1341 831 1397 corda

82 1419 207 1474 iliadum.
245 1423 299 1475 llic
316 1440 370 1475 nna
388 1438 403 1472 o
421 1421 521 1489 multis
538 1438 608 1490 quae
626 1434 752 1477 maxmua
768 1421 848 1484 natur,

82 1495 179 1565 Pergo,
198 1503 241 1552 tot
260 1499 360 1551 Priami
378 1500 503 1550 natorum
521 1499 597 1566 regia
614 1497 720 1551 nutrix:
899 1508 938 1551 ω

83 1570 143 1625 lion
163 1575 250 1627 Beroe
267 1574 350 1641 robis,
369 1592 422 1627 non
440 1575 506 1628 haec
525 1574 667 1640 Rhoeteia,
685 1576 795 1637 matres,

82 1649 131 1701 Est
151 1651 508 1719 lloryelie011i11nx;(lirini
527 1652 602 1718 signa
620 1650 725 1703 decoris

83 1726 270 1795 Anientisque
288 1732 381 1781 notate
400 1728 505 1793 oculos3
523 1729 570 1796 qui
589 1727 700 1795 spiritus
717 1724 765 1791 illi,

82 1803 133 1865 Qui
152 1804 248 1870 voltus,
267 1806 393 1873 vocisque
411 1821 498 1871 sonus,
517 1804 559 1858 vel
576 1820 686 1871 grossus
704 1799 788 1855 eunti.

82 1879 146 1945 ipsa
164 1885 273 1947 egomet
290 1881 395 1933 <ludum
413 1880 519 1933 Beroen
538 1880 661 1947 digressa
677 1876 776 1945 reliqui
900 1892 939 1935 tto

82 1956 210 2024 Aegram,
228 1956 424 2024 indignantem,
442 1957 490 2009 tali
509 1956 583 2025 quod
601 1955 658 2008 sola
674 1955 782 2006 careret

80 2031 202 2099 Munere,
220 2052 270 2088 nee
288 2035 400 2088 meritos
421 2032 557 2086 Anchisae
574 2031 689 2084 inferret
705 2029 831 2083 honoros

81 2108 157 2162 llaec
176 2109 263 2162 effata.
916 2112 919 2117 '

81 2187 120 2236 ht
138 2190 239 2240 matres
257 2187 344 2255 primo
363 2187 504 2255 aneipitos,
523 2184 660 2251 oculisque
677 2180 805 2248 malignis

81 2262 233 2331 rirnbiguae
251 2269 375 2332 spectaro
393 2266 467 2316 rates
484 2260 614 2314 miserium
632 2260 706 2312 inter
723 2272 847 2313 umorem
899 2274 940 2317 u

80 2337 236 2390 Praesentis
253 2342 344 2391 terrae
362 2339 482 2407 fatisque
499 2338 622 2391 vocontio
639 2351 735 2402 regna:

79 2414 148 2465 Cum
167 2415 218 2467 (lea
236 2431 264 2467 so
281 2415 392 2482 paribus
410 2432 459 2483 per
477 2414 581 2467 eaelum
599 2412 710 2466 sustulit
727 2409 779 2463 alis

80 2489 278 2559 ingentemque
294 2491 359 2557 fuga
378 2493 463 2546 secuit
482 2490 532 2544 snb
549 2490 667 2542 nubibus
679 2503 779 2541 areum.

79 2566 145 2620 i'um
163 2585 226 2621 vero
239 2568 378 2621 atterritus
395 2569 524 2621 monstris
542 2571 673 2634 actaeque
691 2565 784 2617 furore

77 2643 261 2710 Conclamant,
279 2645 443 2712 rapiuntque
461 2643 528 2696 focis
544 2641 730 2711 penetralibus
747 2640 859 2709 ignom
899 2658 938 2699 ω

78 2718 145 2774 Pars
163 2722 279 2789 spoliant
296 2738 364 2789 aras,
381 2721 505 2774 frondem
524 2737 554 2773 ac
572 2720 690 2787 virgulta
706 2717 839 2783 facesque

77 2795 235 2852 Ooniieiunt
273 2801 351 2853 Furit
368 2799 486 2853 inmissis
506 2798 639 2850 Volcanus
656 2793 771 2847 habenis

77 2873 206 2928 Transtra
223 2891 273 2943 per
291 2878 320 2926 ot
337 2891 426 2927 remos
444 2879 473 2926 et
491 2874 577 2940 pictas
595 2871 684 2925 abiotc
701 2868 810 2938 puppis.

78 2950 196 3002 Nuntius
216 2951 350 3004 Anchisae
368 2951 404 3002 ad
421 2948 557 3002 tumulum
575 2962 728 3014 cuneosque
746 2942 856 3001 theatri

77 3027 204 3080 incensas
221 3026 326 3094 perfert
344 3025 419 3078 navis
438 3024 575 3087 Eumelus,
595 3028 624 3076 ot
640 3022 693 3090 ipsi
884 3036 939 3079 w

77 3103 236 3172 ltespieinnt
254 3106 343 3157 stram
361 3102 389 3154 in
408 3101 500 3153 nimbo
518 3101 632 3153 volitare
650 3097 777 3151 favillam.

77 3180 184 3234 Primus
202 3183 231 3234 et
250 3179 390 3245 Ascanius,
409 3193 503 3232 cursus
521 3180 553 3231 ut
571 3175 659 3230 laetus
677 3174 818 3243 equestris
