2032 3524
117 117 145 160 30·
350 112 378 162 P.
398 112 550 161 VERGILI
569 113 743 162 masonis

116 195 249 262 Tempore
262 210 426 262 quamquam
438 194 484 247 illo
496 194 578 248 tellus
591 212 699 264 quoquo
712 201 741 250 et
753 215 873 268 aequora
883 202 971 270 ponti,

116 272 311 341 Obscenaeque
329 287 417 335 ames,
436 271 654 339 inportunaeque
673 273 795 326 volucres
934 293 974 334 ao

115 349 198 415 Signa
216 347 325 400 dabant.
364 347 495 411 Quotiens
515 347 660 416 Cyelopum
680 349 811 404 effervere
829 351 856 404 in
874 369 958 421 agros

116 426 242 478 Vidimus
261 424 409 477 undantem
427 423 516 491 ruptis
536 424 693 478 fornacibus
712 429 839 493 Aetnam,

116 503 352 568 Flammarumque
370 499 466 567 globos
483 499 685 569 liquefactaque
703 502 812 556 volvere
831 509 909 559 saxa!

117 583 262 631 Armonun
281 577 399 630 sonitmn
416 580 475 630 toto
494 576 642 630 Germania
660 578 734 631 eaelo

117 655 226 719 Audiit3
245 653 359 706 insolitis
378 657 549 706 tremuerunt
568 654 688 706 motibus
708 656 798 722 Alpes.
934 673 972 714 ⁴7⁵

114 731 175 783 Vox
194 747 301 798 quoquo
319 747 369 798 per
386 728 460 781 lucos
479 729 556 798 volgo
575 731 704 783 exaudita
722 733 832 799 silentis,

115 807 223 874 lugens,
242 810 271 860 et
289 806 433 858 simulacra
450 806 538 858 modis
555 806 684 874 pallentia
702 809 776 860 miris

114 883 180 936 Visa
197 883 248 936 sub
266 882 410 934 obscurum
431 883 531 946 noctis;
552 883 725 951 pecudesque
743 884 855 952 locutae,

114 960 272 1016 Infandmnl
294 958 394 1011 sistunt
412 975 512 1024 amnes,
533 962 679 1027 terraeque
698 960 848 1027 dehiseunt,

113 1035 148 1092 Et
157 1040 291 1088 maestum
299 1034 451 1087 inlacrimat
460 1035 569 1102 templis
577 1034 652 1101 ebur,
661 1053 779 1105 aeraque
787 1037 893 1091 sudant
930 1052 970 1093 ssu

114 1112 217 1168 Proluit
235 1112 329 1165 insano
348 1115 528 1179 contorquens
547 1112 648 1165 vertice
666 1112 747 1165 silvas

113 1189 267 1241 Fluviorum
286 1205 334 1255 rex
354 1188 493 1249 Eridanus,
512 1204 676 1256 camposque
695 1190 848 1256 peremnis

112 1266 180 1318 Cum
199 1264 312 1317 stabulis
331 1268 455 1316 armenta
472 1264 543 1316 tulit.
583 1265 640 1317 Noe
658 1269 782 1332 tempore
800 1265 896 1319 eodem

112 1341 246 1394 Tristibus
263 1343 312 1392 aut
330 1341 401 1392 extis
421 1339 505 1392 fibrae
524 1341 657 1408 adparere
676 1341 800 1407 minaces,

112 1419 172 1469 Aut
189 1417 279 1484 puteis
296 1432 406 1468 manare
425 1433 504 1468 cruor
522 1418 646 1484 cessavit,
665 1420 695 1470 et
713 1418 785 1470 altae
928 1435 969 1476 ras

112 1494 166 1546 Per
183 1495 290 1545 noctem
308 1508 436 1545 resonare
454 1492 524 1560 lupis
543 1493 707 1547 ululantibus
725 1493 813 1546 urbes.

112 1568 172 1622 llon
191 1569 257 1621 alias
274 1567 348 1620 caelo
367 1567 525 1621 ceciderunt
543 1569 621 1637 plura
639 1586 745 1639 sereno.

112 1641 238 1712 Fulgura,
258 1661 308 1697 nee
326 1643 378 1696 diri
397 1645 499 1696 totiens
517 1662 608 1698 arsere
627 1650 755 1698 cometae.

111 1719 183 1788 Ergo
200 1720 272 1773 inter
291 1737 350 1773 sese
368 1719 479 1787 paribus
498 1738 658 1774 concurrere
677 1720 741 1774 telis

111 1796 247 1849 Romanas
265 1797 335 1848 acies
353 1796 453 1848 iterum
472 1795 567 1850 videro
588 1796 720 1865 Philippi;
927 1815 968 1856 leo

111 1855 169 1925 ileo
186 1872 237 1924 fuit
254 1872 396 1939 indignum
416 1873 527 1939 superis,
547 1871 589 1925 bis
608 1873 736 1939 sanguine
754 1877 846 1927 nostro

111 1945 264 2000 Emathiam
282 1951 311 2000 et
328 1947 399 2000 latos
419 1947 517 2000 Haemi
536 1950 713 2018 pinguescere
730 1966 845 2018 campos

111 2024 219 2077 Scilicet
237 2027 266 2076 et
283 2027 391 2091 tempus
410 2025 509 2091 veniet,
529 2043 589 2078 cum
609 2025 707 2079 finibus
725 2026 777 2078 illis

112 2099 246 2167 Agricola,
264 2100 374 2152 incurro
393 2105 494 2153 terram
515 2102 624 2154 molitus
643 2108 742 2167 aratro,

111 2172 199 2228 Exesa
216 2175 335 2228 inveniet
353 2176 449 2228 scabra
467 2177 592 2243 robigine
609 2178 672 2244 pila,
926 2195 960 2244 κ

112 2253 170 2304 Aut
187 2251 314 2318 gravibus
332 2252 428 2304 rastris
445 2251 536 2317 galeas
554 2250 675 2318 pulsabit
698 2252 791 2314 inanis,

111 2327 285 2396 Grandiaque
305 2327 408 2380 effossis
426 2324 570 2376 mirabitur
590 2340 650 2375 ossa
669 2323 824 2389 sepulchris.

111 2403 146 2455 Di
164 2405 253 2471 patrii,
273 2403 421 2469 Indigetes,
441 2403 470 2451 et
490 2399 604 2450 Romule
624 2397 763 2463 Vestaque
782 2402 877 2469 mater,

111 2479 185 2543 Quae
204 2479 320 2532 Tuscum
339 2477 458 2529 Tiberim
476 2479 505 2527 et
524 2475 645 2525 Romana
664 2473 768 2525 Palatia
786 2490 884 2544 servas,

111 2554 191 2607 Hunc
210 2555 306 2607 saltem
325 2568 419 2605 ererso
437 2551 561 2602 iuvenem
579 2563 734 2600 succurrere
752 2551 840 2604 saeclo
925 2564 967 2615 500

110 2629 135 2680 N
138 2646 152 2681 o
170 2629 327 2697 prohibete!
366 2626 437 2679 Satis
454 2625 508 2676 iam
525 2622 631 2691 pridem
650 2625 779 2688 sanguino
796 2632 890 2682 nostro

110 2704 329 2758 Laomedonteae
346 2703 444 2756 luimus
462 2697 580 2768 periuria
600 2696 709 2761 Troiae;

111 2777 294 2848 Iampridem
312 2777 389 2830 nobis
407 2774 474 2828 caeli
491 2776 520 2826 te
539 2771 620 2837 regia,
640 2770 746 2840 Caesar,

111 2852 228 2920 Invidet,
247 2857 331 2920 atquo
348 2851 486 2904 hominum
505 2846 629 2914 queritur
648 2861 743 2901 curare
761 2853 930 2930 triumphos;

111 2929 217 2996 Quippe
228 2928 275 2981 ubi
287 2927 329 2980 ias
342 2941 447 2979 versum
459 2926 542 2989 atque
554 2919 642 2972 nefas:
658 2923 700 2974 tot
712 2922 783 2979 bella
794 2945 844 2995 per
855 2934 964 3012 orbem,

110 3003 176 3055 Tam
194 3003 297 3057 multae
315 3000 445 3055 scelerum
462 2997 560 3059 faeies;
579 3010 632 3046 non
651 2996 721 3050 ullus
738 3007 829 3057 aratro
923 3031 964 3073 tos

110 3075 215 3144 Dignus
232 3078 331 3142 hon0s;
350 3073 475 3142 squalent
491 3069 617 3123 abductis
634 3086 698 3125 arva
715 3077 822 3145 colonis,

110 3152 146 3205 ut
164 3168 263 3206 curras
279 3151 398 3218 rigidum
416 3147 497 3201 falces
514 3143 666 3197 conflantur
682 3148 710 3200 in
728 3166 826 3209 ensem.
