2032 3524
313 116 519 191 eneaeicon
537 127 605 175 are.
626 127 675 176 rr.
894 128 924 178 tt

69 204 185 259 Carrula
203 209 284 274 quam
302 206 384 272 tignis
401 206 496 258 nidum
514 208 664 275 suspendat
682 208 804 261 hirundo.

70 281 181 334 Interea
198 281 300 334 teneris
319 281 471 347 tepefactus
489 283 516 335 in
535 282 639 335 ossibus
657 283 753 335 humor

70 360 195 424 Aestuat,
214 359 243 409 ct
261 357 372 410 visenda
390 357 478 410 modis
498 358 624 411 animalia
641 360 722 425 miris,

23 447 28 454 ‘
67 432 290 501 'lmnca'pcdum
309 434 405 501 prime,
424 451 489 486 mox
506 438 535 487 et
554 435 699 488 stridentia
715 437 818 502 pennis,
887 450 924 490 313

68 509 223 576 Miscentur,
242 512 406 577 tenuemque
424 511 509 577 magis
528 512 614 583 magis
633 527 697 563 aera
714 514 835 578 carpunt,

68 585 169 653 llonec,
186 590 218 638 ut
236 587 345 639 aestivis
367 586 467 638 effusus
486 585 603 639 nubibus
621 586 715 653 imber,

70 663 197 730 Erupere,
218 667 266 715 aut
284 666 323 729 ut,
343 679 427 714 nervo
445 663 577 730 pulsante,
597 664 720 731 sagittae,
781 730 783 734 y

69 737 158 791 Prima
176 740 250 792 leves
268 740 365 791 ineunt
383 739 405 790 si
427 738 536 806 quando
555 739 657 807 proelia
676 739 779 792 Parthi.

101 815 167 878 Quis
181 815 248 868 dens
261 815 338 880 hanc,
352 815 455 881 Musae,
469 816 529 882 quis
543 815 620 867 nobis
634 816 744 868 extudit
756 818 861 868 arteml
884 829 922 868 3111

67 890 147 944 Unde
165 907 234 943 nova
252 892 390 957 ingressus
409 892 548 944 hominum
568 892 737 959 experientia
755 891 844 955 cepitl

68 964 164 1019 Pastor
184 968 328 1020 Aristaeus
347 964 453 1034 fugiens
473 967 573 1020 Peneia
593 967 701 1034 Tempe,

69 1042 190 1109 Amissis,
210 1046 241 1095 ut
259 1043 338 1110 fama,
359 1043 455 1110 apibus
473 1042 622 1110 morboque
641 1043 774 1108 fameque,

65 1113 162 1170 Tristis
181 1118 217 1170 ad
235 1120 351 1171 extremi
370 1135 475 1171 sacrum
493 1122 575 1184 eaput
593 1117 701 1169 adstitit
719 1118 812 1182 amnis,

68 1192 153 1246 Multa
173 1210 297 1262 querens,
317 1199 401 1262 atque
419 1194 469 1246 hac
487 1193 596 1246 adfatus
614 1210 678 1244 voce
696 1199 866 1258 parentem·
885 1205 922 1244 32⁰

67 1268 163 1336 Mater,
185 1271 289 1337 Cyrene
308 1276 404 1338 mater,
423 1288 493 1339 qnae
511 1271 628 1338 gurgitis
646 1271 726 1323 huius

68 1344 126 1397 lma
144 1349 228 1413 tenes,
249 1347 316 1412 quid
335 1365 378 1400 me
397 1347 537 1415 praeclara
556 1349 640 1416 stirpe
659 1348 808 1400 deorum—

66 1419 93 1471 Si
103 1421 191 1487 modo,
202 1439 283 1489 quem
294 1422 428 1489 perhibes,
438 1428 517 1491 pater
528 1428 570 1477 est
581 1423 764 1491 Thymbraeus
773 1423 907 1490 Apollo-

67 1496 187 1549 Invisum
206 1498 269 1550 fatis
288 1501 422 1566 genuistil
446 1504 494 1553 aut
512 1517 567 1567 qno
585 1500 636 1552 tibi
655 1500 742 1552 nostri

67 1571 163 1625 Pulsus
183 1576 273 1627 amorl
296 1576 362 1641 quid
380 1593 424 1628 me
443 1577 546 1628 caelum
566 1592 677 1643 sperare
695 1575 824 1629 iubebasf
882 1589 918 1628 aas

66 1648 105 1700 lin
125 1650 208 1702 etiam
227 1651 296 1703 hunc
315 1653 403 1718 ipsum
423 1653 494 1705 vitae
513 1653 637 1705 mortalis
655 1653 792 1717 honorem,

66 1725 152 1788 Quem
172 1726 237 1778 mihi
256 1727 299 1778 vix
318 1727 426 1795 frugum
446 1733 475 1781 et
493 1729 626 1797 pecudum
646 1728 770 1781 custodia
788 1727 883 1780 sollers

65 1802 162 1854 Omnia
181 1804 328 1871 temptanti
348 1807 502 1869 extuderat,
522 1809 551 1857 te
569 1810 665 1871 matre,
684 1806 814 1871 relinquo.

65 1878 134 1940 Quin
154 1895 211 1945 age,
229 1882 258 1931 et
276 1880 334 1946 ipsa
352 1897 432 1933 mann
450 1882 536 1934 felicis
555 1899 619 1934 erue
638 1881 725 1946 silvas,
751 1946 752 1949 Ἴ

67 1955 118 2006 rer
131 1954 245 2007 stabulis
258 1955 394 2022 inimicum
407 1958 498 2023 ignem
511 1961 593 2024 atque
606 1959 729 2010 interfice
742 1955 844 2013 messis,
880 1968 917 2007 333

64 2031 121 2082 Ure
141 2034 206 2094 sata,
226 2034 254 2081 et
272 2030 389 2082 validam
407 2033 435 2082 in
453 2033 516 2084 vitis
534 2034 629 2085 molire
647 2033 799 2101 bipennem,

63 2106 152 2158 Taanta
170 2121 247 2157 meae
266 2106 287 2157 si
306 2109 334 2157 te
354 2110 485 2173 ceperunt
503 2108 596 2159 taedia
615 2108 710 2161 laudis.

64 2184 104 2234 At
123 2186 212 2233 mater
230 2182 346 2233 sonitum
366 2182 485 2234 thalamo
504 2182 554 2234 sub
572 2183 689 2234 fluminis
707 2182 755 2235 alti

63 2258 161 2311 Sensit.
201 2257 267 2309 Eam
287 2258 387 2311 circum
407 2258 513 2311 Milesia
531 2258 631 2311 vellera
651 2257 792 2326 Nymphae

64 2333 226 2402 Carpebant,
246 2333 317 2401 hyali
336 2338 428 2387 saturo
446 2335 539 2387 fucata
557 2335 652 2399 colore,
879 2347 916 2387 ³85

64 2411 227 2478 Drymoque,
248 2410 421 2479 Xanthoque,
444 2411 589 2479 Ligeaque,
608 2410 832 2479 Phyllodoceque,

63 2487 216 2539 Caesariem
236 2488 336 2541 effusae
355 2488 469 2541 nitidam
488 2505 538 2556 per
556 2488 672 2541 candida
690 2488 764 2553 cella,
795 2524 796 2527 κ

62 2562 186 2630 [Nesaee
207 2564 332 2632 Spioque,
352 2564 507 2632 Thaliaque,
527 2562 752 2633 Cymodoceque]

64 2639 239 2708 Cydippeque
258 2647 287 2695 et
307 2642 376 2695 flava
395 2642 529 2710 Lycorias,
548 2642 634 2694 altera
650 2641 734 2708 virgo,

67 2714 162 2768 Altera
181 2721 238 2770 tum
257 2720 359 2786 primos
379 2719 497 2771 Lucinae
517 2724 631 2787 experta
648 2718 762 2783 labores
879 2725 915 2764 311

63 2790 176 2858 Clioque
195 2798 223 2847 et
242 2794 330 2848 Beroe
349 2813 431 2863 soror,
452 2795 627 2847 Oceanitides
645 2792 748 2859 ambae,

65 2867 171 2920 Ambae
189 2885 262 2936 auro,
281 2872 361 2939 pictis
379 2873 511 2924 incinctae
530 2871 647 2939 pellibus
665 2868 768 2932 ambae,

66 2945 158 3012 Atque
178 2946 293 3014 Ephyre,
312 2952 394 3015 atque
413 2948 486 3016 Cpis,
506 2952 535 3000 et
554 2948 621 3000 Asia
639 2945 767 3012 Deiopea,

64 3021 99 3072 Et
117 3021 228 3075 tandem
246 3024 341 3090 positis
360 3025 439 3077 velox
458 3025 598 3078 Arethusa
616 3021 731 3088 sagittis

66 3097 143 3150 lnter
161 3115 227 3165 quas
245 3115 337 3151 curam
356 3100 484 3167 Clymene
502 3100 632 3152 narrabat
649 3099 756 3150 inanem
877 3105 913 3146 313

68 3173 184 3290 Volqani,
204 3175 356 3244 Martisque
375 3176 452 3228 dolos
470 3179 501 3230 et
518 3175 608 3228 dulcia
625 3175 705 3240 furta,
