2032 3524
82 116 113 161 22
311 111 338 161 P.
365 111 516 159 VERGILI
538 109 708 158 MARONIs

82 192 167 246 Venit
185 195 215 246 et
232 191 334 259 agresti
353 190 451 258 capitis
471 190 594 243 Silvanus
613 189 724 256 honore,

82 267 220 321 Florentia
237 267 339 320 ferulas
357 269 386 319 e
403 265 519 394 grandia
536 265 592 318 lilia
611 280 749 332 quassans
911 282 939 320 aa

82 345 139 398 Pan
158 343 226 396 deus
246 321 383 396 Arcadiae
402 341 475 394 venit
476 357 584 428 quem
602 339 744 393 vidimus
736 339 789 408 ipsi

81 419 240 489 sanguineis
259 418 332 495 ebuli
351 418 425 471 bacis
443 418 582 485 minioque
603 408 754 469 rubentem.

81 498 182 566 Ecquis
199 496 253 549 erit
271 470 412 548 modusi'
405 493 510 562 inquit;
535 497 621 546 Amor
640 509 694 544 nou
711 493 777 545 talia
794 496 888 559 curat;

80 575 105 627 N
108 592 138 628 ec
156 573 274 626 lacrimis
292 570 411 624 crudelis
431 572 525 634 Amor,
547 587 597 622 nec
614 570 738 637 gramina
754 570 826 634 rivis,

80 651 138 704 Nec
156 650 241 718 cytiso
259 651 419 703 saturantur
438 665 510 717 opos,
530 665 579 701 nec
598 646 697 699 fronde
711 647 839 716 erpellae.
911 662 939 702 so

80 727 177 779 Tristis
193 730 223 778 at
240 726 299 778 illo:
322 706 424 777 Tarrlcn
443 724 596 788 cantabitis,
619 724 749 790 Arcades,
767 723 863 790 inquit,

80 803 222 856 Montibus
239 802 306 854 haec
324 800 436 853 vestris:
458 799 508 853 soli
527 803 638 852 eantare
656 800 738 866 periti

82 878 211 931 Arcades.
249 877 272 929 Ο
292 876 357 929 mihi
375 880 434 929 turn
454 891 536 944 quam
555 875 675 928 molliter
694 893 754 930 ossa
771 876 924 945 quiescant,

80 954 181 1007 Vestra
199 971 274 1007 moos
293 954 356 1005 olim
377 953 398 1005 si
418 953 510 1006 fistula
530 952 604 1005 diest
622 957 740 1006 amores!

81 1031 175 1098 Atque
191 1031 296 1083 utinam
316 1047 350 1082 cx
368 1028 445 1081 vobis
463 1045 538 1093 unus,
562 1030 701 1095 vestrique
720 1029 830 1081 fuissem
909 1045 937 1084 rs

81 1107 139 1160 Aut
157 1111 249 1160 custos
266 1106 365 1173 gregis,
384 1109 432 1158 aut
451 1110 575 1158 maturae
596 1104 696 1174 vinitor
714 1109 795 1158 uvae!

80 1183 169 1250 Certe,
187 1183 244 1237 sive
262 1182 328 1235 mihi
349 1182 459 1250 Phyllis,
480 1181 536 1234 sive
555 1185 630 1234 esset
650 1182 790 1248 Amyntas,

80 1257 134 1310 Seu
152 1258 316 1326 quicumque
330 1257 515 1323 faron-quid
530 1260 598 1324 tum,
614 1257 635 1308 si
653 1257 744 1308 fuscus
760 1257 916 1320 Amyntas?

80 1334 116 1386 ldt
135 1335 228 1400 nigrae
246 1332 332 1384 violae
352 1336 415 1384 sunt
435 1337 463 1384 ct
482 1333 599 1384 vaccinia
618 1333 729 1397 nigra-

80 1409 188 1463 Mecum
205 1409 278 1462 inter
296 1409 393 1460 salices
410 1408 484 1459 lenta
504 1407 554 1459 sub
573 1409 627 1460 vito
645 1407 763 1472 iaceret;
906 1422 939 1464 a>

79 1485 159 1537 Serta
177 1483 242 1537 mihi
263 1483 364 1552 Phyllis
382 1483 494 1549 legeret,
514 1486 637 1536 cantaret
658 1485 798 1551 Amyntas

80 1561 133 1613 Hic
151 1561 235 1628 gelidi
254 1560 348 1624 fontes,
366 1560 409 1612 hic
429 1559 520 1611 mollia
538 1563 624 1627 prata,
644 1559 745 1626 hyemi,

80 1637 134 1690 llic
152 1653 262 1700 nomus;
283 1635 326 1689 hic
343 1637 402 1704 ipso
421 1639 511 1688 tecum
531 1652 705 1688 consumerer
723 1652 797 1690 aevo.

79 1713 104 1764 N
107 1730 158 1765 unc
175 1714 285 1766 insanus
303 1729 378 1764 amor
397 1711 458 1764 duri
477 1728 521 1764 mo
540 1710 639 1764 Martis
658 1712 685 1764 in
704 1713 787 1764 armis

78 1788 142 1840 l'cla
159 1789 232 1841 inter
250 1787 343 1842 media
361 1791 445 1854 atquo
463 1787 592 1840 adversos
613 1786 719 1841 detinet
737 1788 835 1842 hostis:
905 1803 932 1844 ιι

78 1863 118 1916 Tu
135 1864 228 1932 procul
246 1881 263 1916 a
280 1864 455 1932 patria—nec
474 1862 510 1915 sit-
528 1863 593 1916 mihi
615 1864 728 1917 credere
745 1867 906 1919 tantum!-

78 1940 200 2008 Alpinaa
219 1939 254 1992 ah
272 1939 348 2005 dura,
368 1939 444 1992 nives
463 1943 491 1991 et
509 1939 612 2006 frigora
633 1939 721 1993 Rheni

77 2014 124 2068 Me
143 2017 201 2068 sine
219 2014 276 2068 sola
293 2015 375 2069 vides.
413 2015 467 2081 Ah,
485 2020 513 2068 te
531 2033 566 2068 nc
585 2016 687 2084 frigora
705 2017 830 2071 laedant!

78 2091 130 2158 Ah,
149 2091 200 2144 tibi
217 2109 252 2144 ne
269 2095 378 2145 teneras
396 2091 495 2163 glacies
514 2096 588 2145 secet
605 2109 702 2160 aspera
720 2094 840 2160 plantas!

78 2168 135 2234 Ibe,
155 2172 190 2236 et,
210 2168 364 2222 Chalcidico
384 2172 536 2236 quaesunt
555 2168 620 2220 mihi
640 2169 749 2220 condita
767 2183 847 2221 versu
904 2185 932 2224 se

78 2246 210 2311 Uarinina,
229 2246 347 2314 pastoris
364 2245 446 2298 Siculi
465 2244 624 2297 modulabor
641 2262 735 2298 avena.

78 2321 188 2377 Certum
208 2325 251 2374 est
269 2322 296 2372 in
315 2321 389 2372 silvis
406 2320 479 2373 inter
497 2321 605 2388 spelaea
623 2321 743 2372 ferarum

77 2397 160 2449 Malle
178 2397 235 2464 pati
254 2397 410 2464 tenerisque
428 2413 503 2449 moos
520 2396 640 2449 incidere
660 2411 765 2447 amores

78 2471 246 2535 Arboribus;
266 2478 388 2525 crescent
406 2472 475 2539 illae,
496 2474 631 2537 crescatis,
650 2487 765 2524 amores.
972 2537 976 2543 .

79 2548 189 2599 interca
206 2547 299 2600 mixtis
317 2547 439 2600 lustrabo
458 2548 584 2601 Maenala
602 2546 741 2614 Nymphis,
805 2558 812 2567 ·
904 2565 929 2603 ss

79 2625 137 2675 Aut
155 2623 224 2676 acris
242 2624 361 2676 venabor
378 2641 464 2692 apros.
503 2624 564 2675 Non
584 2639 627 2674 me
645 2622 699 2674 ulla
717 2619 849 2676 vetabunt

78 2698 192 2765 lirigora
211 2699 370 2752 Parthenios
388 2699 499 2752 canibus
519 2696 687 2750 circumdare
706 2698 796 2752 salius.

79 2774 137 2826 lam
156 2774 220 2826 mihi
239 2792 288 2843 per
306 2792 387 2843 rupes
407 2774 502 2828 videor
520 2773 650 2841 lucosque
669 2775 788 2827 sonantis

78 2850 138 2914 lre;
160 2849 227 2903 libet
247 2851 349 2903 Partho
367 2855 497 2918 torquere
514 2848 635 2916 Cydonia
654 2867 737 2902 eomu

78 2918 379 2994 Spicula—Tamquam
394 2925 460 2976 haec
475 2926 511 2977 sit
526 2926 612 2977 nostri
628 2926 762 2979 medicina
775 2926 882 2994 furoris,
902 2942 929 2981 oo

79 3002 136 3053 Αιιι
155 3001 222 3053 deus
240 3001 285 3053 ille
302 3000 380 3052 malis
397 2999 535 3052 hominum
554 3001 697 3054 mitescere
717 3002 817 3056 diseat!

78 3077 138 3131 Iam
157 3093 245 3144 neque
265 3074 472 3142 Hamadryades
490 3093 584 3126 rursus
602 3094 651 3129 nce
670 3079 789 3130 carmina
807 3077 884 3130 nobis

63 3154 143 3221 ‹lpsa
160 3153 283 3221 placent3
305 3153 378 3219 ipsae
396 3167 490 3203 rursus
508 3152 648 3206 concedite
667 3154 756 3208 silvae.
