2032 3524
370 117 552 166 Annnrnos
575 118 643 168 LlB.
668 119 747 170 VIII.
925 123 972 170 233

123 197 270 250 Accessum
288 197 406 250 lustmns
424 197 477 251 huc
495 214 543 251 ora
560 198 668 252 ferebat
686 205 714 253 et
732 201 802 268 illuc,

122 270 258 326 Dentibus
275 274 439 327 infrendens,
476 275 529 327 Ter
546 278 636 328 totum
648 276 771 330 fervidus
788 277 831 331 ira
938 291 975 330 230

123 350 236 403 Lustrat
255 351 386 403 Aventini
404 355 540 417 montem;
563 356 608 405 ter
626 369 708 405 saxea
726 356 847 422 temptat

122 427 228 479 himina
246 427 426 495 nequiqua1n;
449 431 494 481 ter
512 429 598 482 fessus
616 429 686 482 valle
704 429 814 484 resedit.

121 503 218 556 Stabat
236 506 317 556 acuta
335 503 410 570 silex,
428 505 558 572 praecisis
576 506 698 574 undique
717 507 788 558 saris

121 579 270 646 Speluncae
289 579 371 632 dorso
387 581 539 648 insurgens,
556 582 689 635 altissima
706 584 772 649 visu,

122 656 248 708 Dirarum
266 656 339 708 nidis
358 657 454 710 doinus
473 662 625 726 opportuna
643 660 789 712 volucrum.
937 674 973 714 me

123 733 207 798 llanc,
226 736 256 786 ut
274 749 360 800 prona
378 735 441 800 iugo
460 735 565 786 lacuum
584 735 759 793 incumbebat
777 735 813 788 ad
826 748 934 786 amnem

123 809 226 862 Dexter
243 810 271 861 in
289 809 432 863 adversum
452 812 542 864 nitens
560 813 701 879 concussit,
721 816 750 865 et
768 813 831 864 iniis

121 886 250 938 Arolsanr
270 887 349 939 solvit
367 887 519 950 radicibus;
542 887 608 939 inde
625 892 739 956 repente

122 962 239 1028 Inpulit;
261 963 369 1030 inpulsu
388 979 442 1030 quo
459 979 602 1015 maxumus
620 964 727 1016 intonat
745 961 851 1026 aether,

121 1036 275 1090 Dissultant
293 1039 369 1106 ripae
386 1038 533 1104 refluitque
553 1039 702 1091 exterritus
720 1040 813 1091 amnis.
935 1053 975 1092 m

121 1115 160 1166 At
179 1131 276 1181 specus
294 1117 323 1165 et
343 1114 405 1166 Caci
424 1113 535 1165 detecta
552 1114 678 1180 adparuit
695 1113 792 1180 ingens

122 1190 215 1257 Regia,
234 1193 263 1242 et
281 1188 424 1241 umbrosae
441 1189 549 1254 penitus
568 1192 683 1256 patuere
702 1206 849 1242 cauernae:

121 1267 181 1318 Non
201 1283 284 1332 secus,
303 1282 334 1317 ac
353 1265 374 1316 si
394 1282 448 1332 qua
465 1265 575 1332 ponitus
593 1265 620 1317 vi
638 1268 713 1318 terra
731 1265 874 1318 dehiscens

122 1343 246 1394 Infernas
264 1345 370 1394 reseret
388 1342 467 1394 sedes
487 1345 515 1394 ct
533 1358 618 1409 regna
636 1343 761 1395 recludat

123 1418 234 1486 Pallida,
254 1418 296 1471 dis
313 1419 405 1484 invisa,
425 1434 562 1486 superque
579 1418 687 1471 inmane
705 1418 864 1472 barathrum
936 1434 973 1472 aas

121 1497 263 1562 (leniatur,
282 1494 479 1564 trepidentque
497 1494 607 1547 inmisso
625 1495 727 1548 lumine
746 1495 851 1548 Manes.

121 1572 194 1638 Ergo
211 1572 351 1640 insperata
369 1571 534 1638 deprensum
553 1572 580 1623 iu
599 1571 658 1625 luce
676 1575 790 1640 repente

122 1648 315 1716 Inclusumque
333 1665 398 1700 caro
417 1665 482 1700 saxo
501 1651 586 1717 atque
603 1648 710 1702 insueta
729 1647 875 1702 rudentem

121 1724 245 1793 Desuper
263 1725 375 1778 Alcides
394 1725 455 1778 telis
474 1725 581 1793 premit,
601 1726 744 1793 omniaque
762 1741 838 1777 arma

123 1801 253 1869 advocat,
273 1807 302 1855 et
320 1803 402 1854 ramis
420 1801 559 1868 vastisque
576 1801 725 1854 molaribus
743 1802 834 1857 instat.
936 1817 973 1854 aas

124 1877 172 1929 llle
190 1882 289 1943 autern,
308 1895 398 1946 neque
417 1878 488 1930 enim
507 1878 572 1943 fuga
588 1878 642 1929 iam
661 1894 744 1945 super
761 1876 817 1928 ulla
834 1877 935 1944 pericli,

123 1953 254 2006 Faucibus
271 1954 410 2020 ingentem
428 1954 539 2016 filinam,
558 1953 681 2005 mirabile
699 1953 782 2019 dictu,

124 2028 229 2080 ltronrit
246 2028 413 2094 involvitque
432 2027 543 2079 domum
562 2029 675 2094 caligine
694 2044 780 2095 caeca,

124 2105 300 2170 l‘rospectum
319 2103 437 2169 eripiens
455 2103 544 2165 oculis,
563 2103 751 2170 glomeratque
769 2103 820 2154 sub
838 2109 917 2157 antro

124 2179 288 2231 Funriferam
305 2182 413 2230 noctem
431 2178 585 2231 commixtis
603 2179 665 2246 igne
683 2171 827 2231 tenebris(
935 2193 972 2233 25⁵

121 2256 146 2307 N
148 2273 181 2307 on
200 2255 266 2307 tulit
285 2254 396 2306 Alcides
414 2253 518 2320 animis,
539 2271 622 2321 seque
640 2255 699 2322 ipsc
716 2254 875 2322 perignem

123 2331 268 2399 Praecipiti
286 2330 350 2383 iecit
369 2330 448 2397 saltu,
467 2347 522 2397 qua
539 2330 672 2398 plurimus
690 2329 791 2382 undam

122 2408 223 2460 Fumus
241 2407 298 2474 agit
317 2406 472 2474 nebulaque
489 2407 583 2477 ingens
602 2421 698 2472 specus
716 2409 824 2459 aestuat
841 2410 908 2461 atra

123 2483 173 2536 Hic
193 2484 294 2536 Cacum
312 2483 340 2534 in
359 2482 481 2535 tenebris
499 2480 625 2534 incendia
643 2498 712 2534 vana
730 2487 885 2537 vomentem

121 2560 240 2627 Corripit
258 2560 285 2611 in
304 2560 406 2611 nodum
425 2559 579 2626 conplexus,
598 2561 628 2611 et
644 2558 720 2626 angit
737 2557 882 2613 inhaerens
934 2575 971 2612 nn

123 2636 208 2688 Elisos
226 2636 317 2688 oculos
336 2640 365 2695 et
384 2636 483 2687 siccum
503 2635 632 2702 sanguine
649 2637 714 2702 gutt
748 2675 753 2687 .

123 2712 255 2764 Panditur
273 2713 410 2778 externplo
428 2711 532 2763 foribus
550 2711 647 2763 domus
664 2713 726 2764 otro
743 2711 861 2779 revolsis,

123 2787 342 2854 abstractaeque
360 2786 444 2840 bores
462 2785 656 2854 abiurataeque
674 2786 787 2854 rapinae

121 2863 201 2916 Caelo
220 2863 410 2928 ostenduntur,
429 2862 599 2932 pedibusque
616 2862 732 2916 informe
749 2863 866 2916 cadaver

122 2938 301 2992 l'rotrahitur.
340 2939 487 3006 Nequeunt
505 2938 608 3007 expleri
626 2939 711 2992 corda
728 2938 830 2992 tuendo
934 2953 970 2993 aaa

120 3014 260 3068 Terribilis
279 3015 375 3081 oculos,
393 3015 497 3068 voltum
514 3015 662 3084 villosaque
679 3014 764 3068 saetis

124 3093 235 3145 l‘cctora
253 3091 372 3144 semiferi
390 3094 474 3160 atrine
492 3091 641 3146 exstinctos
659 3089 782 3144 faucibus
798 3089 875 3159 ignis.

123 3170 160 3221 llx
179 3168 226 3220 illo
243 3167 399 3222 celebratus
416 3167 507 3236 honos,
526 3167 646 3238 laetique
664 3166 783 3220 minores
