2032 3524
63 126 109 171 122
327 123 506 171 nunninus
529 124 597 173 LIB.
624 126 661 173 11.

63 203 117 257 Sed
136 221 179 257 me
197 220 295 271 magna
314 203 396 256 (lemn
415 204 549 257 Genetrix
566 205 609 258 his
626 207 735 261 detinet
753 212 816 262 criu.

63 281 176 347 Iamque
194 279 261 345 rarle,
280 286 310 333 et
328 281 384 332 nati
403 297 481 333 serva
499 283 650 336 communis
669 301 797 339 amorem

44 417 48 428 Ι
64 358 140 409 Hace
153 355 199 407 ubi
212 356 286 409 dieta
299 355 384 421 dedit,
397 356 585 410 lacrimantem
595 362 624 411 et
633 360 721 413 multa
730 360 868 414 volentem
883 374 922 415 rac

63 435 160 488 Dicere
178 434 307 499 descruit,
326 432 470 501 tenuisque
489 436 649 488 recessit'in
667 453 756 489 auras.

63 513 117 565 'l'er
134 513 246 564 cenatus
263 509 300 562 ibi
317 508 385 562 celle
403 509 470 562 dare
487 509 613 564 bnrcchia
629 513 745 567 circum:

63 591 116 643 Tcr
132 590 235 641 frustra
251 603 402 655 conprensa
419 602 515 639 inanes
534 586 630 656 effugit
647 589 746 656 image,

64 666 119 721 Par
136 665 239 718 levibus
256 665 345 718 ventis
363 663 520 732 volucrique
539 665 675 719 simillima
692 682 793 720 somne.

99 744 141 797 Sic
160 743 269 794 demum
288 741 373 794 socies
391 746 551 809 consumpta
568 746 648 795 necte
665 743 761 796 revise.
882 755 922 798 nn

65 821 158 887 Atque
176 819 219 870 hic
236 819 374 885 ingentem
394 818 523 870 comitum
541 817 689 871 adfluxisse
706 834 836 871 novorum

64 896 177 948 Invenio
195 895 333 948 admirans
351 911 499 956 numerum,
518 897 681 963 matresque,
699 895 832 962 viresque,

64 971 211 1025 Collectam
230 971 324 1025 exsilio
341 970 449 1039 pubem,
467 971 621 1025 miserabile
640 970 741 1038 volgus.

65 1047 192 1117 Undique
209 1064 367 1113 convenere,
385 1047 482 1100 animis
500 1046 649 1115 opibusque
666 1048 763 1116 parati,

66 1125 99 1177 In
116 1140 299 1192 quascumque
317 1124 397 1176 velim
416 1124 512 1192 pelago
530 1123 666 1177 deducere
684 1127 779 1178 terras.
877 1137 916 1177 aaa

67 1200 179 1268 Iamque
197 1201 266 1268 iugis
284 1216 404 1253 summac
423 1199 552 1267 surgebat
571 1199 678 1254 Lucifer
696 1200 765 1254 Idae

67 1276 246 1344 buccbatque
265 1277 346 1343 diem,
365 1276 506 1344 Danaique
524 1276 635 1329 obsessa
651 1275 783 1330 tenebant

67 1352 171 1405 Limina
189 1356 336 1419 pertarum,
354 1368 403 1404 nec
421 1368 482 1418 spes
500 1352 559 1420 opis
576 1352 631 1406 ulla
648 1351 780 1417 (iubatum

66 1427 142 1481 Gessi
160 1435 188 1479 et
206 1425 313 1480 sublate
331 1426 431 1480 mentis
447 1428 572 1494 genitore
589 1428 680 1496 petiti
