2032 3524
333 125 519 175 AENEIDOS
536 127 604 175 LIB.
625 128 674 177 XI.
884 134 932 181 297

79 207 218 276 Oppetiit;
242 205 376 259 devictam
398 207 494 260 Asiam
514 206 638 260 subsedit
657 208 773 264 adulter.

80 281 215 335 Invidisse
236 282 309 348 deos,
331 282 427 349 patriis
447 287 478 336 ut
497 283 623 335 redditus
644 285 698 337 aris

72 357 242 426 .Oouiugium
255 362 379 426 optatum
392 363 421 412 et
430 359 572 427 pulchram
587 360 725 426 Calydona
736 360 876 416 viderem'l
896 376 932 417 270

79 433 105 486 N
107 450 158 486 unc
176 433 259 486 etiam
277 433 400 486 horribili
419 436 479 487 visu
497 439 627 503 portenta
646 441 806 504 sequuntur,

79 510 116 562 Et
134 509 198 562 socii
216 510 308 562 amissi
326 510 469 578 petierunt
487 511 599 566 aethera
617 513 714 579 pennis

80 585 304 653 Fluminibusque
321 589 455 652 vagantur
474 587 627 641 aves-heu
646 588 706 640 dira
723 605 846 641 meorum

79 661 293 730 Supplicial-et
312 662 434 730 scopulos
453 663 601 717 lacrimosis
619 664 729 719 vocibus
747 664 859 732 inplent.

79 737 157 799 Hace
174 738 243 790 adeo
261 755 296 791 ex
313 737 359 790 illo
377 739 443 790 mihi
462 739 516 792 iarn
535 740 670 808 speranda
688 740 799 794 fuerunt
899 755 934 795 275

79 813 220 881 Tempore,
239 831 299 866 cum
318 814 391 866 ferro
410 815 539 868 caelestia
556 832 669 884 corpora
687 817 801 869 demens

80 889 193 958 Adpetii
212 892 241 944 et
259 889 376 943 Veneris
395 890 493 944 violavi
511 891 621 944 volnere
640 891 774 944 dextram.

79 965 122 1018 Ne
140 983 212 1032 vero,
230 983 265 1019 ne
284 983 327 1018 mc
345 966 382 1019 ad
400 966 463 1020 talis
480 966 603 1035 inpellitc
621 984 734 1034 pugnas.

79 1040 138 1095 Nec
155 1041 222 1102 milri
239 1058 301 1095 cum
320 1041 432 1095 Teucris
449 1042 535 1095 ullum
553 1046 616 1110 post
634 1045 713 1095 cruta
731 1042 833 1096 bellum

79 1117 229 1184 Pergama;
247 1135 297 1171 nec
316 1122 439 1171 veterum
457 1118 568 1172 memini
585 1118 706 1171 laetorve
724 1118 864 1172 malorum.
897 1135 934 1172 aa)

79 1192 203 1260 Munera,
223 1209 293 1261 quae
311 1193 407 1261 patriis
426 1193 462 1247 ad
480 1211 524 1246 me
541 1194 659 1262 portatis
677 1194 712 1246 ab
731 1194 794 1260 oris,

79 1268 189 1322 Vertite
206 1268 243 1321 ad
262 1271 381 1323 Aenean.
419 1269 552 1323 Stetimus
573 1270 629 1323 tela
647 1287 743 1338 aspera
761 1273 863 1335 contra,

80 1345 305 1413 Contulimusque
323 1362 432 1399 manus:
452 1350 565 1414 experto
584 1346 696 1414 credite,
715 1349 834 1413 quantus

80 1420 114 1473 In
132 1420 246 1489 clipeum
267 1421 405 1488 adsurgat,
425 1439 479 1490 quo
497 1421 608 1475 turbine
626 1425 755 1490 torqueat
772 1422 886 1475 hastam.

80 1496 108 1550 Si
127 1497 181 1550 duo
199 1500 343 1565 praeterea
361 1498 424 1550 talis
444 1497 529 1550 Idaea
547 1499 656 1551 tulisset
898 1513 934 1551 aas

79 1573 162 1625 Terra
178 1573 258 1638 viros,
276 1573 349 1626 ultro
369 1573 493 1626 lnachias
511 1575 631 1627 venisset
649 1574 684 1626 ad
704 1573 785 1627 urbcs

80 1647 231 1715 Dardanus,
249 1652 278 1702 et
296 1650 381 1702 versis
399 1649 507 1716 lugeret
526 1650 641 1707 ‚Graecia
658 1651 729 1703 latis

81 1723 220 1792 Quidquid
238 1725 311 1792 apud
329 1724 414 1778 durae
433 1730 568 1779 cessatum
587 1731 629 1779 est
647 1727 753 1779 moenie
771 1726 875 1792 Troiae,

81 1799 208 1853 Hectoris
228 1802 393 1868 Aeneaeque
412 1818 494 1854 mauu
511 1802 625 1855 victoria
643 1801 756 1854 Graium
837 1796 840 1800 ’

81 1875 180 1929 Haesit
199 1877 272 1929 etin
292 1877 437 1929 decumum
456 1878 572 1944 vestigia
590 1875 698 1930 rettulit
716 1893 822 1930 annum.
898 1893 934 1931 aec

81 1951 171 2004 Ambo
190 1952 293 2019 animis,
311 1952 390 2005 ambo
409 1953 528 2020 insignes
546 1951 749 2022 praestantibus
767 1953 864 2015 armis;

81 2026 135 2080 Hic
152 2029 256 2095 pietate
274 2029 354 2096 prior.
392 2028 496 2081 Coeant
514 2029 541 2081 in
559 2028 671 2081 foedera
689 2027 812 2093 dextrae,

81 2102 141 2166 Qua
159 2103 255 2168 datur;
274 2107 317 2156 ast
336 2104 418 2156 armis
437 2107 600 2156 concurrant
618 2119 694 2155 arma
712 2106 814 2156 cavete.

81 2177 117 2232 llt
134 2195 263 2245 respousa
282 2179 361 2232 simul
380 2196 450 2247 quae
469 2179 530 2242 sint,
548 2197 598 2232 rex
617 2180 735 2245 optume,
755 2179 829 2245 regis

82 2254 202 2320 Audisti,
217 2259 246 2307 et
265 2255 389 2323 quaesit
408 2271 505 2329 magno
525 2254 661 2307 sententia
679 2251 758 2305 bello.
899 2270 935 2309 aas

116 2329 170 2382 Vix
189 2345 221 2382 ca
239 2330 335 2396 legati:
355 2331 500 2397 variusque
518 2347 568 2397 per
586 2329 772 2382 ora'cucurrit

83 2404 253 2458 Ausonidum
271 2405 382 2459 turbata
399 2405 515 2470 fremor3
537 2422 588 2460 ceu
606 2421 672 2457 saxa
689 2408 830 2461 morantur

82 2481 149 2533 (lum
168 2480 279 2549 rapidos
297 2480 389 2544 amnis,
408 2481 440 2533 fit
461 2480 551 2533 clauso
569 2480 679 2546 gurgite
697 2497 826 2545 murmur,

81 2554 248 2624 Vicinaeque
266 2556 385 2609 fremunt
403 2557 479 2623 ripae
497 2554 694 2623 crepitantibus
714 2555 801 2608 undis.

82 2629 122 2684 Ut
138 2631 257 2698 primum
274 2631 374 2699 placati
392 2631 483 2697 animi,
502 2634 531 2683 ct
549 2630 658 2697 trepida
676 2646 723 2682 ora
741 2631 878 2698 quierunt,
899 2645 937 2683 soe

83 2705 225 2759 Praelatus
244 2706 321 2759 divos
340 2707 406 2759 solio
425 2723 474 2758 rex
492 2705 554 2758 infit
572 2704 606 2757 ab
625 2705 694 2758 alto:

117 2783 192 2834 Ante
210 2781 337 2849 equidem
356 2797 462 2834 summa
479 2779 514 2832 de
532 2798 563 2834 rc
581 2780 718 2845 statuisse,
739 2780 837 2845 Latini,

83 2855 119 2910 Et
136 2856 241 2924 vellem,
259 2859 288 2910 et
305 2856 396 2910 fuerat
414 2855 526 2920 melius;
544 2873 597 2909 non
616 2858 741 2922 tempore
758 2855 808 2908 tali

83 2932 187 3000 (legero
204 2931 354 2999 concilium,
371 2948 432 2984 cunr
450 2946 543 2983 muros
561 2930 670 2983 adsidet
688 2930 781 2985 hostis.

84 3006 191 3060 Bellum
208 3007 391 3072 inportunum,
410 3006 489 3070 cives,
508 3022 569 3058 cum
587 3008 670 3072 gente
689 3005 801 3059 deorum
897 3021 935 3059 aas

84 3080 251 3150 Invictisque
268 3081 334 3134 viris
352 3082 480 3149 gerimus,
500 3097 567 3147 quos
585 3080 659 3132 nulla
676 3081 793 3148 fatigant

84 3157 198 3224 Proelia,
211 3173 260 3210 nec
277 3156 342 3210 victi
361 3156 476 3225 possunt
494 3154 628 3208 absistere
648 3155 727 3212 lerro.
