2032 3524
353 125 558 175 GEORGIOON
577 127 644 178 LIB.
661 127 683 175 Ι.
911 127 944 174 25

96 207 140 258 An
159 204 226 259 (leus
245 205 361 258 inmensi
379 206 471 260 venias
489 207 578 272 maris,
596 224 628 261 ac
645 212 693 262 tua
710 210 810 262 nautae

96 281 213 334 Numina
231 281 289 334 sola
306 281 404 348 colant,
416 282 475 358 ‘tibi
493 283 595 336 serviat
611 283 709 336 ultima
727 283 820 349 Thule,
921 301 945 339 so

94 356 188 424 'leque
206 357 258 410 sibi
276 374 407 424 generum
427 357 528 426 Tethys
546 362 620 411 emat
638 358 763 412 omnibus
781 358 869 423 undis,

95 433 175 487 Anne
194 449 294 486 novum
312 434 400 486 tardis
418 434 494 487 sidus
512 437 540 486 te
559 434 697 488 mensibus
717 434 810 499 addas,

94 507 154 572 Qua
172 510 246 563 locus
267 511 403 576 Erigonen
421 511 493 562 inter
512 509 666 577 Chelasque
685 510 826 578 sequentis

71 635 72 639 ,
93 586 246 650 Panditur;
263 587 322 653 ipse
340 585 391 638 tibi
409 586 462 638 iam
481 585 607 639 bracchia
624 586 759 639 contrahit
777 585 876 638 ardens

93 662 226 730 Scorpios,
245 667 273 714 et
291 661 358 714 caeli
376 663 449 714 iusta
466 661 527 731 plus
545 667 624 730 parte
642 662 770 729 reliquit3
919 676 945 713 as

94 737 235 806 Quidquid
253 738 413 804 eris-nam
431 741 460 790 te
478 754 527 791 nec
545 742 655 805 sperant
674 738 787 791 Tartara
804 754 904 803 regem.

94 813 152 866 Nec
170 813 221 867 tibi
239 814 371 880 regnandi
390 814 481 868 veniat
499 819 556 866 tam
575 813 636 867 dira
653 813 768 882 cupido;

94 889 222 952 Quamvis
242 890 346 958 Elysios
364 891 480 943 miretur
499 889 614 943 Graecia
631 905 747 959 campos,

94 965 119 1016 N
122 982 153 1018 ec
170 965 289 1033 repetita
307 967 383 1033 sequi
402 970 480 1020 curet
499 965 662 1033 Proserpina
680 970 831 1020 matrem-

95 1041 135 1094 Da
153 1041 260 1094 facilem
278 1058 394 1106 cursum,
413 1046 497 1110 atque
515 1040 664 1095 audacibus
681 1041 770 1094 adnue
787 1040 897 1108 coeptis,
923 1055 947 1094 ss

96 1118 263 1185 [gnarosque
282 1118 340 1170 viae
359 1135 464 1169 mecum
483 1118 629 1170 miseratus
647 1118 764 1184 agrestis

96 1192 251 1258 Ingredere,
271 1197 300 1245 et
317 1194 388 1244 votis
407 1192 459 1244 ianr
479 1209 549 1245 nunc
566 1192 697 1248 adsuesce
716 1193 810 1244 vocari.

128 1266 202 1320 Vere
220 1284 296 1333 novo,
314 1267 422 1334 gelidus
441 1270 594 1321 carriacum
613 1267 751 1320 montibus
769 1267 866 1320 humor

96 1343 221 1411 liquitur
240 1347 269 1397 et
287 1343 410 1411 Zephyro
428 1344 517 1412 putris
536 1361 565 1397 se
582 1342 679 1411 glaeba
697 1343 815 1410 resolvit,

94 1419 228 1486 Depresso
246 1418 358 1487 incipiat
376 1419 429 1472 iam
448 1425 507 1473 tum
525 1420 591 1472 milri
610 1423 704 1473 taurus
722 1423 813 1473 aratro
924 1431 949 1471 rs

95 1495 243 1561 lngemere,
263 1500 292 1548 ct
310 1495 384 1548 sulco
402 1495 515 1549 attritus
534 1495 724 1562 splendescere
742 1511 841 1548 vomer.

93 1569 145 1622 llla
162 1587 239 1637 seges
257 1571 367 1624 demum
386 1572 455 1625 votis
473 1571 621 1639 respondet
638 1571 712 1624 avari

94 1646 245 1713 Agricolae,
265 1647 308 1700 bis
326 1664 397 1716 quae
415 1648 506 1711 solem,
526 1647 569 1700 bis
587 1647 689 1714 frigora
708 1646 808 1712 sensit;

94 1722 171 1774 lilius
191 1723 328 1776 inmensae
347 1728 481 1790 ruperunt
498 1724 597 1776 horrea
615 1739 725 1776 messes.

93 1799 133 1850 At
144 1798 220 1865 prius
233 1799 356 1865 ignotum
369 1800 442 1852 ferro
456 1816 537 1867 (quam
551 1798 699 1852 scindimus
712 1815 822 1866 aequor,
922 1814 947 1853 so

96 1873 197 1927 Ventos
217 1879 245 1928 et
263 1876 366 1928 varium
386 1876 452 1928 caeli
471 1875 645 1943 praediscere
664 1891 767 1927 morem

92 1949 165 2002 Cura
183 1951 219 2003 sit
237 1967 268 2003 ac
286 1952 389 2017 patrios
407 1951 551 2017 cultusque
570 1950 733 2017 habitusque
751 1950 879 2018 locorum,

93 2025 129 2077 lit
141 2025 209 2092 quid
221 2042 346 2092 quaeque
358 2026 429 2078 ferat
442 2026 524 2091 regie,
538 2025 645 2092 etquid
658 2041 784 2093 quaeque
801 2034 918 2079 recuset.

94 2101 148 2152 llic
166 2106 281 2167 segetes,
299 2100 353 2152 illic
371 2101 483 2152 veniunt
501 2101 604 2153 felicius
622 2118 707 2166 uvae;

93 2176 212 2230 Arborei
230 2175 303 2228 fetus
321 2175 393 2242 alibi,
412 2179 497 2244 atque
516 2176 618 2228 iniussa
636 2177 774 2230 virescunt
925 2191 949 2230 so

23 2257 32 2272 ⁴
92 2252 229 2305 Gramina.
266 2250 364 2304 Nonne
383 2252 467 2317 vides,
486 2267 593 2305 croceos
611 2256 643 2304 ut
662 2251 771 2308 Tmolus
789 2251 895 2318 odores,

92 2327 173 2381 India
191 2328 278 2383 mittit
296 2329 373 2394 ebur,
391 2328 486 2382 molles
505 2345 553 2380 sun
572 2331 636 2380 tura
654 2327 760 2395 Sabaei,

92 2406 132 2458 At
151 2404 285 2473 Chalybes
304 2404 370 2456 nudi
388 2405 498 2469 ferrum,
519 2404 663 2472 virosaque
681 2403 785 2456 Pontus

91 2480 228 2546 Castorea,
247 2480 373 2533 Eliadum
393 2481 497 2550 palmas
516 2479 613 2548 Epiros
631 2482 781 2547 equaruml

91 2557 227 2610 Continuo
246 2557 294 2609 has
312 2557 386 2623 leges
405 2559 571 2623 aeternaque
591 2556 702 2610 foedera
720 2556 805 2610 certis
924 2571 949 2609 so

94 2632 218 2700 Inposuit
236 2636 333 2686 natura
351 2632 424 2700 locis,
444 2650 498 2702 quo
518 2636 641 2701 tempore
658 2633 776 2700 primum

96 2709 240 2761 Deucalion
258 2726 372 2762 vacuum
392 2709 498 2776 lapides
517 2709 628 2761 iactavit
646 2708 674 2760 in
692 2708 795 2771 orbem,

94 2783 173 2836 Unde
191 2785 314 2838 homines
332 2786 397 2850 nati,
417 2784 517 2837 durum
535 2801 627 2851 genus.
665 2784 737 2851 Ergo
755 2800 814 2851 age,
834 2785 926 2835 terrae

93 2861 198 2928 Pingue
217 2861 303 2913 solum
322 2861 417 2926 primis
437 2861 575 2928 extemplo
593 2877 609 2912 a
627 2859 767 2912 mensibus
785 2858 848 2911 anni

91 2937 189 2990 Fortes
206 2937 344 2989 invertant
362 2936 442 3002 tauri,
460 2935 625 3002 glaebasque
643 2935 755 2988 iacentis
929 2947 954 2986 ss

96 3012 286 3065 Pulverulonta
304 3014 404 3077 coquat
423 3011 536 3063 rnaturis
555 3010 656 3063 solibus
674 3014 784 3074 aestas3

93 3091 133 3142 At
151 3088 174 3140 si
193 3104 246 3140 non
263 3087 349 3140 fuerit
366 3087 449 3139 tellus
467 3086 592 3151 fecunda,
612 3086 662 3137 sub
682 3086 769 3152 ipsum

10 3181 19 3193 ·
94 3165 242 3218 Arcturum
261 3161 336 3217 tenui
356 3165 398 3215 sat
416 3163 470 3214 erit
488 3161 653 3230 suspendere
672 3161 762 3217 sulen:
