2032 3524
361 126 546 175 AENnrms
568 127 637 176 LIB.
659 127 697 178 ΙΙ.

99 207 267 263 Commendo
282 206 364 260 sociis
381 210 411 261 et
428 212 509 260 curva
526 207 597 261 valle
614 207 746 275 recondo;

100 286 164 353 lpse
182 283 278 336 urbem
296 287 392 351 repeto
411 285 442 336 et
459 283 552 349 cingor
573 284 740 350 fulgentibus
758 285 847 339 armis.

100 362 161 415 Stat
181 376 258 413 casus
276 375 407 412 renovare
425 361 518 425 omnis,
539 377 703 428 omnemque
721 362 822 416 reverti
920 375 958 417 75⁰

100 438 154 491 Per
172 437 288 502 Troiam,
307 440 336 493 et
354 442 448 489 rursus
470 439 552 505 eaput
572 436 709 490 obiectare
727 438 841 505 periclis.
983 435 988 450 ⁸

135 513 269 581 Principio
288 528 380 564 muros
398 512 568 581 obscuraque
587 512 679 565 limina
696 517 801 581 portae,

100 591 160 654 Qua
177 607 301 659 gressum
319 588 479 655 extuleram,
499 593 604 656 repeto,
623 592 652 642 et
670 589 785 657 vestigia
802 592 878 644 retro

100 666 252 720 Observata
270 681 368 733 sequor
385 668 561 732 pernoctem
580 668 609 717 et
626 664 728 719 lumine
745 667 838 720 lustro.

102 744 208 796 Horror
224 741 325 810 ubique
342 741 453 810 animos,
472 740 550 794 simul
568 741 627 808 ipsa
645 742 751 796 silentia
769 746 883 798 terrent.
918 757 954 798 765

101 818 171 872 Inde
189 819 308 884 domurn,
328 818 350 870 si
368 819 439 871 forte
457 816 564 884 pedem,
583 817 605 869 si
623 818 694 870 forte
712 819 827 885 tulisset,

100 895 146 948 Me
158 895 252 948 refero.
292 895 439 946 inruerant
451 893 546 960 Danai,
556 897 585 946 et
595 897 697 947 tectum
708 912 787 947 ornno
796 895 934 950 tenebant.

101 971 178 1024 llieet
196 971 266 1037 ignis
285 970 355 1022 edax
374 986 479 1022 summa
497 969 532 1021 ad
551 969 658 1035 fastigia
676 975 756 1024 venta

100 1046 240 1110 Volvitur;
259 1048 426 1112 exsuperant
444 1045 575 1106 fiammae,
594 1045 660 1097 furit
678 1051 769 1099 aestus
786 1045 823 1099 ad
839 1063 928 1101 auras.

100 1121 267 1174 Procedant
289 1121 388 1172 Priami
407 1119 486 1173 sedes
505 1137 648 1188 arcemque
667 1123 762 1176 reviso.
916 1137 953 1178 roo

100 1198 135 1250 llt
152 1198 206 1249 iam
225 1195 374 1264 porticibus
392 1196 484 1248 vacuis
503 1195 614 1248 Iunonis
631 1196 704 1264 asylo

100 1271 233 1326 Custodes
253 1270 316 1323 loeti
337 1270 459 1324 Phoenix
478 1275 506 1324 et
525 1270 600 1324 dirus
620 1272 714 1325 Ulixes

100 1348 233 1401 Praedam
253 1346 441 1400 adservabant.
481 1348 544 1400 Hue
562 1347 683 1415 undique
702 1349 782 1403 Troia
798 1367 865 1418 gaza

100 1424 220 1478 incensis
240 1426 334 1490 erepta
353 1423 449 1491 adytis
468 1441 631 1492 mensaeque
649 1421 769 1493 deorum,

99 1503 281 1568 Oratoresque
301 1516 366 1552 auro
385 1499 471 1567 solidi,
490 1500 651 1567 captivaque
670 1502 753 1555 vestis
915 1511 952 1552 ⁷65

100 1577 268 1645 Congeritnr.
307 1575 388 1629 Pueri
407 1580 436 1628 et
454 1576 567 1643 pavidae
586 1575 666 1642 longo
684 1577 779 1630 ordine
797 1582 901 1632 matres

77 1699 79 1704 .
99 1654 178 1707 Stant
196 1654 301 1706 circum.

100 1733 191 1784 Ausus
211 1729 276 1797 quin
295 1730 378 1782 etiam
396 1745 475 1782 voces
492 1731 593 1783 iactare
613 1747 662 1797 per
679 1731 803 1784 umbram

100 1806 203 1874 inplevi
223 1804 339 1857 elamore
358 1805 422 1871 vias,
441 1809 615 1871 maestusque
634 1805 764 1860 Creusam

99 1883 270 1951 Nequiquam
284 1881 454 1947 ingeminans
466 1880 620 1947 iterumque
633 1880 787 1951 iterumque
800 1884 898 1938 vocari.
916 1899 954 1942 πο

100 1957 246 2022 Quaerenti
267 1960 296 2009 et
314 1957 394 2008 tectis
412 1955 487 2007 urbis
506 1957 564 2008 sine
582 1956 636 2008 fine
654 1957 755 2011 furenti

100 2034 198 2087 infelix
218 2033 391 2084 simulacrum
412 2036 494 2096 atque
512 2031 596 2097 ipsius
614 2031 711 2084 umbra
730 2035 848 2089 Creusae

100 2112 166 2164 Visa
184 2108 248 2161 mihi
268 2112 331 2160 ante
351 2107 441 2160 oeulos
460 2110 489 2158 et
506 2110 571 2158 nota
589 2107 674 2159 maior
691 2109 788 2177 imago.

100 2187 232 2254 Obstipui,
254 2187 445 2251 steteruntque
464 2200 556 2236 eornae
576 2186 604 2236 et
621 2200 672 2235 uox
691 2185 811 2239 faucibus
828 2189 926 2244 haesit.

19 2320 22 2327 ,
99 2266 166 2317 'sinn
185 2263 222 2316 sie
240 2261 326 2314 adfari
347 2266 375 2313 et
394 2277 471 2312 curas
489 2261 531 2313 his
550 2261 660 2313 demere
678 2261 771 2317 dietis:
916 2281 953 2323 775

100 2342 172 2407 Quid
190 2344 296 2394 tantuin
317 2339 413 2393 insano
433 2338 509 2390 iuvat
526 2336 669 2406 indulgere
688 2339 780 2410 dolori,

99 2419 122 2471 C
142 2418 227 2470 duleis
245 2417 380 2470 coniunxi
403 2434 456 2471 non
476 2416 543 2470 haee
562 2415 619 2468 sine
637 2417 746 2471 numine
764 2419 854 2472 divom

99 2496 248 2560 Eveniunt;
265 2512 316 2548 nee
335 2498 364 2548 te
383 2496 446 2548 hine
465 2493 591 2546 comitem
611 2497 751 2563 asportare
771 2495 899 2549 Creusam

99 2574 152 2627 Fas
170 2577 217 2626 aut
234 2573 280 2626 iile
299 2573 364 2625 sinit
384 2573 475 2640 superi
493 2577 622 2639 regnator
641 2571 753 2640 Olympi.

100 2651 192 2717 Longa
203 2649 253 2702 tibi
266 2649 368 2718 exsilia,
382 2651 412 2704 et
425 2652 533 2701 vastum
546 2649 628 2702 maris
641 2666 741 2718 aequor
753 2651 892 2712 arandum.
917 2663 953 2704 780

100 2727 135 2780 Et
152 2730 253 2780 terram
274 2727 436 2797 Hesperiam
457 2730 555 2795 xenieS,
575 2726 621 2778 ubi
641 2726 742 2794 Lydius
760 2742 824 2778 arva

100 2803 177 2855 Inter
195 2805 284 2871 opima
302 2805 389 2858 virum
408 2805 464 2860 leni
483 2805 543 2858 fluit
562 2810 669 2877 agmine
689 2802 813 2870 Thybris:

100 2879 160 2931 Illic
178 2897 221 2933 res
239 2882 327 2936 laetae
345 2902 518 2952 regnumque
537 2889 565 2938 et
583 2887 658 2952 regia
676 2883 791 2937 coniunx

100 2955 183 3010 Parta
201 2958 258 3012 tibi.
299 2961 438 3013 Lacrimas
456 2962 572 3013 dilectae
590 2961 660 3028 pelle
681 2960 809 3012 Creusae:

99 3031 161 3085 Non
179 3053 229 3103 ego
249 3036 452 3103 Myrmidonum
471 3036 550 3089 sedes
571 3037 738 3103 Dolopumve
757 3035 888 3101 superbas
916 3046 953 3087 785

100 3108 244 3179 Aspiciam,
263 3116 311 3165 aut
330 3111 420 3165 Graiis
438 3113 569 3165 servitum
587 3111 721 3177 matribus
737 3108 789 3179 ibe,

100 3185 242 3252 numnis
260 3192 290 3242 et
307 3187 387 3241 divae
404 3186 523 3242 Veneris
539 3203 636 3251 nurum
681 3184 689 3192 ’
