2032 3524
335 119 410 166 AEN
413 119 517 168 EIDOS
534 119 603 170 LIB.
624 120 677 168 ΙΙΙ.
887 122 932 170 133

84 200 167 269 Signa
184 200 235 254 tibi
252 199 356 267 dieam3
376 204 408 255 tu
426 201 535 255 condita
553 205 646 256 mente
663 204 772 256 teneto:

83 277 150 330 Cum
169 277 219 330 tibi
237 277 352 330 sollicito
370 277 468 331 secreti
487 278 523 331 ad
541 278 659 331 fluminis
676 278 778 332 undam

81 352 197 405 Litereis
215 353 312 420 ingens
329 353 440 406 inventa
458 354 509 407 sub
527 354 633 407 ilicibus
651 371 697 406 sus

82 428 205 495 Triginta
223 429 342 496 capitum
361 429 433 482 fetus
453 431 532 483 enixa
549 430 657 496 iacebit,

82 504 163 570 niba,
183 505 240 558 solo
258 505 398 570 recubans,
417 505 472 558 albi
491 507 592 559 circum
610 506 695 559 ubera
712 508 778 574 nati,

81 580 111 633 Is
128 581 201 634 locus
219 581 295 634 urbis
314 581 374 648 erit,
393 582 502 649 requies
521 599 553 634 ea
570 587 646 634 certa
664 582 794 636 laborum

80 656 106 709 N
108 673 139 710 eo
157 660 187 710 tu
205 674 360 711 mensarum
379 674 485 711 morsus
502 658 629 712 horresce
648 660 766 713 futuros:

80 731 150 786 Fata
168 734 239 786 viam
258 734 398 786 invenient
415 733 561 802 aderitque
579 738 691 787 recatus
710 735 816 803 Apollo.
900 750 935 789 aas

81 807 140 863 Has
158 812 250 862 autem
270 813 367 876 terras,
389 810 508 878 Italique
526 810 596 862 hane
613 810 702 863 litoris
720 827 802 877 oram,

80 883 216 937 Proxuma
234 902 304 953 quae
322 885 409 937 nostri
428 886 602 953 perfunditur
620 887 744 952 aequoris
762 889 847 951 aestu,

79 960 189 1028 Effuge
208 965 305 1014 cuncta
324 961 403 1013 malis
421 961 583 1014 habitantur
600 961 707 1013 moenia
726 961 822 1014 Graiis.

80 1036 133 1088 llic
151 1041 179 1089 ct
198 1036 308 1102 Narycii
326 1040 477 1102 pesuerunt
496 1036 603 1099 moenia
621 1036 707 1100 Locri,

79 1102 115 1165 la
134 1112 296 1164 Sallentinos
315 1111 424 1163 obsedit
442 1111 530 1163 milite
548 1127 657 1178 campos
898 1125 935 1166 400

79 1187 188 1255 Lyctius
209 1185 388 1248 ldemcrreus;
409 1185 452 1239 hic
470 1186 517 1238 illa
535 1186 610 1239 ducis
628 1187 755 1240 Meliboei

80 1263 168 1315 Parva
190 1261 358 1314 Philoctetae
377 1261 492 1314 subnixa
512 1262 617 1315 Petelia
634 1280 719 1316 muro.

79 1338 159 1403 Quin,
177 1336 223 1389 ubi
243 1337 417 1391 transmissae
436 1337 566 1392 steterint
584 1341 659 1392 trans
677 1355 796 1407 aequora
814 1344 913 1394 classes

79 1414 115 1466 Et
133 1413 228 1481 positis
246 1413 301 1466 aris
319 1414 373 1467 iam
392 1416 502 1469 retain
520 1415 601 1468 litore
619 1416 714 1483 solves,

80 1489 220 1556 Purpureo
239 1489 329 1542 velare
348 1507 437 1544 comas
455 1492 604 1559 adopertus
623 1492 731 1559 amictu,
753 1555 756 1561 Ι
899 1507 934 1548 405

79 1565 122 1618 Ne
140 1565 286 1633 quainter
305 1570 412 1620 sanctos
431 1567 501 1634 ignis
520 1569 547 1619 in
566 1567 668 1620 honore
686 1568 799 1621 deorum

80 1641 194 1694 Hostilis
213 1642 296 1695 facies
314 1648 438 1696 occurrat
455 1647 485 1696 et
503 1643 594 1696 omina
611 1644 714 1697 turbet.

81 1716 161 1769 Hune
179 1718 244 1770 socii
263 1735 365 1772 morem
384 1736 530 1785 sacrorum,
550 1719 621 1771 hune
639 1720 697 1787 ipse
717 1723 823 1773 teneto:

81 1793 139 1845 Hac
158 1794 225 1846 casti
244 1800 372 1848 maneant
388 1796 416 1847 in
435 1796 565 1862 religione
583 1800 705 1863 nepotes.

80 1871 133 1922 Ast
152 1869 198 1921 ubi
218 1870 371 1936 digressum
391 1871 496 1924 Siculae
513 1876 543 1924 te
561 1870 714 1924 admoverit
731 1888 795 1925 erae
899 1886 934 1927 llo

82 1946 187 1996 Ventus
205 1949 234 1998 et
252 1946 360 2011 angusti
379 1950 519 1998 rarescent
536 1946 654 1999 claustra
674 1947 771 2012 Pelori,
968 1960 972 1961 ’

80 2019 169 2072 Laeva
187 2019 236 2071 tibi
256 2021 338 2071 tellus
357 2026 385 2072 et
403 2020 483 2086 longo
501 2021 578 2072 lacra
595 2024 724 2088 petantur

81 2098 210 2162 Aequora
228 2095 359 2160 circuitu3
379 2095 507 2147 dextrum
526 2096 590 2161 luge
608 2096 673 2147 litus
691 2101 720 2150 et
737 2101 830 2152 undas.

83 2171 158 2222 llaec
176 2170 233 2222 loca
251 2169 277 2221 vi
296 2171 434 2238 quendam
453 2174 482 2224 et
500 2175 577 2223 rasta
595 2172 720 2223 convolsa
737 2173 849 2224 ruina—

81 2248 196 2300 Tantum
215 2246 274 2299 acri
292 2245 438 2314 longinqua
456 2246 530 2299 valet
548 2251 655 2298 mutare
673 2251 831 2300 vetustas-
899 2263 935 2304 415

82 2322 236 2375 Dissiluissc
255 2323 355 2391 ferunt,
373 2340 434 2377 eum
452 2323 578 2392 protinus
596 2326 712 2390 utraque
730 2324 811 2377 tellus

82 2399 144 2452 Una
162 2399 246 2464 foret3
266 2400 340 2453 venit
358 2400 449 2453 medie
468 2400 494 2451 vi
512 2403 613 2467 pentus
631 2403 660 2452 et
677 2400 758 2453 undis

83 2475 246 2543 Hesperium
266 2477 356 2529 Siculo
375 2477 447 2529 latus
466 2475 591 2540 abscidit,
610 2492 729 2544 arvaque
747 2480 776 2530 et
794 2477 875 2529 urbes

82 2551 175 2604 Litore
194 2552 319 2606 diductas
338 2558 454 2620 angusto
472 2552 598 2606 interluit
616 2557 700 2607 aestu.

83 2627 217 2679 Dextrum
237 2629 325 2696 Scylla
343 2630 423 2695 latua,
442 2630 548 2682 laevum
567 2629 701 2696 inplaeata
720 2628 870 2696 Charybdis
900 2643 936 2683 aaa

84 2701 207 2766 obsidet,
226 2706 309 2771 atque
327 2706 382 2758 imo
400 2705 524 2760 barathri
543 2709 586 2758 ter
603 2706 713 2772 gurgite
731 2708 822 2758 vastos

85 2778 182 2832 Sorbet
200 2779 227 2830 in
247 2779 393 2849 abruptum
411 2783 516 2845 fluctus,
535 2798 683 2849 rursusque
702 2780 752 2833 sub
770 2793 851 2831 auras

85 2853 173 2920 Erigit
191 2855 310 2908 alternos
329 2861 357 2910 et
376 2859 466 2911 sidera
484 2858 612 2912 verberat
630 2858 709 2910 unda.

86 2931 126 2984 ht
144 2930 258 2997 Scyllam
276 2933 362 2985 caecis
381 2934 490 2987 cohibet
508 2934 634 3002 spelunea
652 2933 771 2998 latebris,

75 3006 142 3063 ¹Ora
159 3011 344 3061 exsertantem
364 3012 392 3061 et
410 3010 486 3062 navis
504 3009 530 3061 in
551 3027 616 3062 saxa
633 3008 795 3062 trahentem.
901 3019 938 3060 aas

87 3082 178 3134 Prima
194 3083 309 3135 hominis
326 3084 408 3138 facies
426 3089 455 3139 et
473 3086 585 3153 pulchro
602 3088 714 3153 pectore
731 3083 807 3150 virgo

86 3154 162 3212 Pube
180 3161 268 3226 tenus,
286 3163 424 3229 postrema
440 3160 543 3218 inmani
561 3177 674 3229 corpore
691 3159 791 3230 pristis,
