2032 3524
344 129 527 177 AENEIDOS
546 129 614 178 LIB.
634 130 667 176 X.
886 133 931 178 269

86 211 197 264 llcrtati
218 226 318 278 sumus,
337 214 386 263 aut
405 209 489 262 vitam
509 209 680 263 committere
699 210 808 265 ventisl

85 287 158 338 Num
177 303 260 355 puero
281 303 412 338 summam
432 285 503 352 belli,
520 303 584 338 num
603 286 714 338 credere
734 288 844 338 murosl
909 297 937 339 to

85 364 305 430 Tyrrhenamque
324 363 407 415 fidem
425 364 473 415 aut
491 362 580 430 gentis
599 361 704 429 agitare
723 362 849 429 quietas?

85 438 151 502 Quis
171 439 238 490 deus
258 438 285 490 in
305 438 437 505 fraudem,
457 455 528 507 quae
547 439 617 491 dura
635 439 758 506 potentia
776 437 863 490 nostri

85 514 168 582 Egit?
186 513 233 567 ubi
253 515 296 567 hic
320 515 396 580 luno,
417 515 568 567 demissave
590 513 708 566 nubibus
730 513 803 566 Irisl

85 590 232 656 Indignum
252 595 295 644 est
316 591 401 643 ltalos
420 591 528 642 Troiam
548 591 716 643 circumdare
736 588 852 641 flammis

84 665 110 717 N
112 670 256 734 ascentem,
275 670 303 719 ct
322 667 412 734 patria
432 667 553 719 Turnum
571 668 721 719 consistere
740 670 823 729 terra,
908 678 932 719 ts

85 742 134 794 Cui
156 742 295 794 Pilumnus
315 759 388 809 avus,
409 743 451 795 cui
471 742 533 794 diva
554 743 661 795 Venilia
681 746 786 794 mater:

85 816 164 884 Quid,
183 818 241 870 face
260 818 390 870 Troianos
408 822 468 870 atra
486 820 540 870 vim
558 819 630 871 ferre
650 818 762 884 latinis,

85 893 159 945 Arva
178 893 265 946 aliena
284 895 347 961 iugo
369 910 494 961 premere
515 898 598 960 atque
618 897 742 945 avertere
760 893 897 959 praedast

85 966 156 1029 Quid
176 985 282 1021 soceros
301 969 392 1036 legere
410 972 438 1020 et
457 968 567 1034 gremiis
587 969 722 1020 abducere
739 973 840 1035 pactas,

84 1042 182 1096 Pacem
202 1062 279 1097 orare
298 1061 387 1109 manu,
409 1044 560 1111 praefigere
576 1043 714 1111 puppibus
731 1045 825 1096 annal
906 1059 931 1095 so

83 1119 123 1172 Tu
141 1125 220 1187 potes
241 1124 353 1172 Aenean
373 1118 497 1170 manibus
517 1118 668 1171 subducere
689 1119 810 1184 Graium,

84 1195 191 1262 Proque
211 1196 269 1247 viro
288 1195 415 1247 nebulam
434 1198 464 1247 et
483 1198 578 1247 ventos
598 1193 747 1247 obtendere
766 1194 861 1262 inanis,

84 1271 119 1323 Et
137 1274 215 1338 potes
232 1271 260 1322 in
278 1271 395 1324 totidem
414 1270 527 1323 classem
545 1274 704 1323 convertere
722 1269 881 1337 Nymphas:

84 1347 139 1399 Nos
157 1347 263 1415 aliquid
282 1347 398 1399 Rutulos
415 1349 511 1401 contra
528 1347 628 1399 iuvisse
645 1347 794 1399 nefandum
812 1348 875 1400 estl

83 1425 191 1476 Aeneas
211 1423 321 1490 ignarus
343 1422 437 1476 abest:
461 1423 571 1489 ignarus
593 1427 622 1476 et
643 1422 721 1475 absit.
905 1437 930 1475 ee

12 1551 19 1566 ‚
82 1498 132 1551 Est
159 1499 272 1567 l'aphuS,
293 1498 466 1566 ldaliumque
486 1497 543 1564 tibi,
564 1502 628 1551 sunt
647 1499 703 1551 alta
724 1499 860 1566 Cythera:

82 1574 154 1637 Quid
165 1575 306 1642 gravidam
323 1575 401 1628 bellis
418 1574 514 1628 urbem
531 1579 560 1629 et
576 1575 658 1628 eorda
675 1591 772 1643 aspera
786 1575 926 1643 temptasl

81 1649 173 1703 Nosne
193 1651 244 1704 tibi
263 1652 350 1705 fluxas
371 1651 504 1719 Phrygiae
523 1668 568 1705 res
587 1655 695 1704 vertere
714 1651 799 1719 fundo
887 1651 889 1659 '

81 1725 232 1781 Conamurl
254 1729 324 1782 nost
348 1745 381 1780 an
404 1728 516 1781 miseros
535 1728 583 1797 qui
603 1728 687 1780 Troas
708 1727 820 1780 Achivis

81 1801 209 1857 Obiecitl
234 1803 309 1866 Quae
331 1820 426 1856 caussa
447 1803 507 1869 fuit,
529 1820 692 1870 consurgere
713 1804 741 1855 in
762 1820 837 1855 arma
904 1817 929 1855 ec

81 1877 272 1946 Europamque
291 1880 449 1946 Asiamque,
468 1883 497 1931 et
514 1879 626 1931 foedera
643 1879 747 1932 solvere
765 1879 858 1931 furtel

81 1953 127 2006 Me
148 1954 216 2005 duce
235 1955 391 2006 Dardanius
409 1955 536 2021 Spartam
556 1955 722 2021 expugnavit
742 1954 858 2020 adulter,

81 2029 141 2081 Aut
162 2045 212 2095 ego
232 2029 287 2081 tela
307 2029 379 2094 dedi,
397 2029 485 2081 fovive
508 2029 643 2096 Cupidine
662 2028 755 2080 belial

80 2103 148 2156 Tum
168 2104 261 2156 decuit
280 2105 409 2156 metuisse
427 2103 500 2157 tuis:
518 2120 589 2156 nunc
609 2120 670 2155 scra
689 2102 807 2171 querelis

81 2179 164 2231 Haud
183 2179 262 2231 iustis
284 2178 416 2244 adsurgis,
439 2182 468 2231 et
487 2179 570 2232 inrita
590 2178 679 2244 iurgia
699 2177 790 2230 iactas.
904 2190 927 2228 ee

115 2254 225 2307 Talibus
245 2255 341 2307 orabat
361 2254 437 2320 luno,
450 2254 595 2321 cunctique
608 2252 760 2305 fremebant

80 2330 228 2384 Caelicolae
246 2331 363 2383 adsensu
381 2330 470 2393 vario;
494 2346 544 2381 ceu
562 2328 669 2380 flamina
687 2328 775 2396 prima

80 2408 148 2460 Cum
168 2408 302 2474 deprensa
318 2406 439 2457 fremunt
459 2404 541 2471 silvis,
562 2407 591 2457 et
613 2420 692 2456 caeca
712 2403 836 2458 volutant

80 2484 228 2548 Murmura,
248 2487 377 2535 venturos
396 2482 485 2533 nautis
503 2480 647 2548 prodentia
665 2483 768 2538 ventos.

79 2560 147 2611 Tum
167 2560 250 2612 Pater
268 2559 445 2625 omnipotens,
463 2573 555 2609 rerum
572 2556 616 2608 cui
633 2555 721 2623 prima
738 2558 867 2624 potestas,
891 2570 927 2609 100

80 2635 163 2698 lntit;
187 2652 218 2688 eo
239 2635 347 2688 dicente
368 2633 449 2685 deum
471 2632 567 2684 domus
586 2631 642 2685 alta
662 2632 770 2698 silescit,

80 2712 116 2764 Et
134 2713 296 2763 tremefacta
314 2710 371 2762 selo
390 2709 487 2772 tellus;
512 2708 574 2761 silet
592 2708 693 2760 arduus
711 2706 824 2772 aether;

79 2787 147 2839 Tum
160 2786 275 2854 Zephyri
293 2802 425 2855 posuere;
446 2783 547 2852 premit
563 2784 669 2852 placida
685 2799 804 2852 aequora
819 2786 926 2850 pontus.

80 2863 204 2930 Accipite
225 2879 289 2929 crgo
311 2861 408 2914 animis
428 2864 512 2928 atque
531 2860 597 2913 hacc
616 2877 677 2913 mea
696 2859 771 2926 figite
791 2858 871 2911 dicta.

79 2938 305 3005 Quandoquidem
324 2936 459 2989 Ausonios
475 2936 600 3003 coniungi
616 2936 728 2989 foedere
745 2933 855 2987 Teucris
890 2949 925 2989 105

80 3014 163 3066 Haud
182 3013 292 3079 licitum,
312 3030 363 3066 nec
381 3017 472 3066 vestra
491 3013 564 3080 capit
583 3011 720 3066 discordia
739 3010 837 3062 finem:

80 3090 155 3154 Quae
167 3089 265 3158 cuique
272 3093 315 3143 est
323 3089 433 3142 fortuna
442 3089 531 3156 hodie,
542 3105 623 3158 quam
632 3087 748 3156 quisque
756 3088 830 3140 secat
839 3100 924 3155 spem,

79 3167 146 3219 Tros
165 3165 319 3220 Rutulusne
336 3166 403 3231 fuat,
422 3164 496 3218 nullo
513 3164 668 3218 discrimine
686 3161 798 3224 habebo,
