2032 3524
387 116 572 164 AENEIDOS
589 118 657 166 LIB.
676 119 726 168 XI.
922 124 965 173 307

120 199 263 266 Sanguinis
280 199 327 253 ille
344 216 455 254 vemens
473 199 544 251 rivos
562 199 643 265 cadit,
663 203 746 267 atquo
764 207 904 256 cruentam

119 276 227 329 Mandit
246 275 365 345 humum,
384 276 556 342 moriensque
574 292 622 326 suo
642 292 671 327 se
689 275 717 327 in
736 277 846 332 volnere
869 285 967 334 versat.

120 355 187 406 Tum
201 355 293 421 Lirim,
306 354 495 421 Pagasumque
508 370 604 420 super3
617 370 731 420 quorum
743 357 813 410 alter
824 358 943 412 habenas

120 431 237 484 Suffosso
256 432 395 484 revolutus
414 449 483 499 equo
503 431 567 482 dum
586 431 695 498 colligit,
715 432 784 486 alter
934 448 969 489 071

121 509 193 560 Dum
212 508 286 561 subit
304 527 335 562 ac
353 510 480 562 dextram
498 509 602 563 labenti
620 511 710 564 tendit
728 511 865 577 inermem,

122 585 288 652 Praecipites
305 590 463 656 pariterque
481 592 571 641 ruunt.
608 587 659 641 His
678 591 756 641 addit
776 592 935 641 Amastrum

123 663 307 731 Hippotaden,
326 667 504 733 sequiturque
522 667 681 719 incumbens
700 669 804 719 eminus
822 666 901 717 hasta

122 739 261 807 Tereaque
280 741 518 809 Harpalycumque
542 745 570 794 et
594 742 801 810 Demophoonta
820 740 970 795 Ohromim-

191 832 262 882 que;
935 830 972 869 ors

122 891 248 959 Quotque
267 893 366 945 emissa
384 909 465 944 manu
483 895 615 945 contorsit
634 894 737 961 spicula
755 895 837 960 virge,

122 966 173 1019 Tot
193 966 302 1035 Phrygii
321 969 443 1021 cecidere
462 968 521 1020 viri.
560 968 658 1021 Procul
677 969 796 1035 Ornytus
815 969 897 1022 armis

65 1107 67 1111 y
123 1043 228 1110 Ignotis
247 1047 275 1096 et
294 1060 364 1111 equo
383 1047 495 1097 venator
514 1044 615 1112 Iapyge
633 1045 727 1112 fertur,

123 1118 173 1171 Oui
191 1120 270 1186 pellis
287 1121 357 1172 latos
375 1120 502 1172 humeros
521 1125 616 1188 erepta
634 1121 746 1173 iuvenco

124 1195 273 1262 Pugnatori
291 1196 387 1263 operit,
406 1199 488 1262 caput
505 1197 600 1262 ingens
618 1197 673 1248 oris
691 1196 782 1250 hiatus
935 1209 971 1246 oso

124 1269 160 1324 at
178 1271 265 1324 malae
282 1275 378 1325 texere
396 1272 453 1338 lupi
472 1289 533 1324 cum
551 1272 680 1326 dentibus
697 1273 774 1339 albis,

124 1348 306 1415 Agrestisquo
324 1364 419 1399 manus
437 1351 525 1399 armat
544 1365 653 1415 sparus3
671 1349 729 1416 ipse
748 1349 865 1402 catervis

124 1421 251 1476 Vertitur
268 1424 296 1475 in
314 1423 418 1490 mediis,
438 1428 466 1476 et
484 1428 542 1476 toto
561 1425 662 1477 vertice
681 1441 763 1492 supra
781 1428 828 1478 cst.

125 1498 207 1550 Hunc
224 1499 271 1551 illa
290 1504 444 1568 exceptum,
461 1516 550 1566 neque
569 1500 639 1551 enim
659 1500 735 1552 labor
757 1500 865 1568 agmine
886 1516 972 1564 verso,

125 1574 241 1641 Traiicit,
260 1578 289 1627 et
307 1592 389 1642 super
407 1575 473 1627 haec
491 1576 598 1628 inimico
617 1580 727 1643 pectore
745 1576 834 1629 latur:
936 1590 973 1627 oss

126 1649 204 1702 Silvis
222 1653 257 1714 tc,
276 1650 421 1718 Tyrrhena,
438 1651 510 1703 feras
528 1651 633 1717 agitare
652 1653 775 1720 putasti?

127 1725 248 1779 Advenit
266 1727 312 1793 qui
330 1730 422 1778 vestra
441 1727 499 1778 dics
517 1727 695 1779 muliebribus
713 1728 794 1780 armis

127 1800 219 1853 Verba
236 1802 414 1868 redarguerit.
451 1803 476 1854 N
479 1819 557 1855 omen
576 1806 667 1855 tamen
685 1804 760 1855 haud
773 1804 841 1872 leve
863 1806 973 1870 patrum

127 1876 253 1930 Manibus
271 1877 322 1929 hoe
339 1878 449 1943 referes,
469 1879 524 1930 telo
542 1879 671 1931 cecidisse
690 1879 825 1932 Camillae.

128 1951 254 2004 Protinus
271 1952 441 2005 Orsilochum
458 1958 487 2006 et
506 1955 603 2020 Buten,
621 1954 675 2006 duo
696 1971 821 2006 maxuma
841 1955 974 2006 Teucrum

128 2026 265 2094 Corpora:
285 2028 333 2080 sed
352 2029 442 2081 Buten
461 2046 585 2081 aversum
604 2030 716 2096 cuspide
734 2031 795 2082 fixit
940 2043 974 2081 091

128 2102 249 2155 Loricam
266 2104 426 2171 galeamque
445 2105 523 2170 inter,
543 2122 596 2171 qna
614 2105 681 2156 eolla
699 2105 819 2157 sedentis

129 2178 239 2245 Lucent,
259 2182 287 2232 et
305 2181 381 2232 laevo
400 2180 538 2248 dependet
556 2197 649 2247 parma
667 2181 785 2246 lacerto·;

129 2253 307 2322 Orsilochum,
325 2256 431 2322 fugiens
450 2274 632 2323 magnumque
651 2258 754 2322 agitata
772 2274 821 2324 per
839 2256 941 2320 orbem,

129 2329 224 2382 illudit
241 2347 306 2397 gyro
325 2331 445 2398 interior,
465 2333 643 2399 sequiturque
662 2337 838 2399 sequentem
941 2346 976 2385 095

129 2405 197 2457 Tum
215 2407 332 2458 validam
351 2425 455 2475 perque
473 2425 548 2459 arma
566 2409 623 2459 viro
642 2425 744 2475 perque
763 2425 823 2461 ossa
842 2407 965 2472 securim,

131 2481 221 2534 Altior
239 2499 396 2548 exsurgens,
415 2485 502 2535 oranti
522 2489 550 2535 ct
568 2484 655 2536 multa
672 2485 792 2551 precanti

131 2557 322 2622 Congeminat3
341 2559 436 2610 volnus
454 2559 541 2610 calido
560 2559 632 2625 rigat
651 2576 697 2611 ora
715 2559 834 2611 cerebro

131 2632 233 2686 Incidit
250 2633 312 2686 huie
331 2635 476 2703 subitoque
494 2639 606 2700 aspectu
624 2635 738 2687 territus
756 2635 846 2687 haesit

131 2709 363 2776 Appenninicolae
382 2710 498 2763 bellator
517 2712 588 2762 lilius
608 2711 688 2777 Auni,
942 2722 978 2762 100

132 2783 216 2836 Haud
234 2785 365 2852 Ligurum
384 2790 531 2853 extremus,
551 2787 616 2838 dum
635 2787 729 2837 fallere
747 2787 803 2837 fata
822 2785 954 2837 sinebant.

132 2859 287 2927 Isque-ubi
307 2877 336 2914 sc
353 2861 427 2915 nullo
445 2863 498 2914 iam
517 2880 597 2915 cursu
616 2861 731 2913 evadere
749 2877 857 2926 pugnae

132 2933 215 2988 Posse
232 2952 321 3003 noque
338 2937 485 2989 instantem
504 2938 625 3003 reginam
644 2939 768 2987 avertere
786 2936 880 3001 cernit,

132 3009 250 3062 Consilio
268 3027 377 3063 versare
396 3012 472 3063 dolos
490 3013 627 3078 ingressus
646 3014 674 3063 ct
693 3015 760 3076 astu,

133 3085 233 3152 Incipit
251 3086 331 3139 hacc:
354 3088 425 3149 Quid
445 3092 501 3140 tam
522 3089 668 3154 egregium,
686 3086 708 3137 si
726 3085 827 3138 femina
845 3084 909 3138 forti
945 3097 980 3138 705

28 3210 31 3215 .
132 3159 208 3214 Fidis
226 3163 316 3226 equor
336 3162 452 3215 Dimitte
470 3164 569 3228 fugam,
589 3168 617 3216 et
636 3166 664 3215 tc
682 3162 830 3214 comminus
848 3176 935 3229 aequo
