2032 3524
334 112 514 160 AENEIDOS
532 113 600 159 LIB.
620 112 669 160 Vl.
878 112 924 159 195

80 197 190 251 Talibus
209 196 319 248 Aeneas
336 192 479 246 ardentem
497 195 526 245 et
543 194 621 245 torva
638 195 761 247 tuentem

80 272 197 326 Lenibat
215 270 296 322 dictis
314 268 441 336 animum,
458 268 637 336 lacrimasque
655 268 751 322 ciebat.

83 349 132 401 llla
150 346 206 401 solo
224 346 293 398 fixos
311 344 401 398 oculos
419 361 514 396 aversa
532 344 649 408 tenebat,

78 425 137 478 Nec
155 423 240 490 magis
258 422 365 488 incepto
384 421 487 472 voltum
505 437 629 473 sermono
646 425 780 487 movetur,
805 413 807 416 ¹
890 434 926 477 100

79 501 166 564 Quam
185 499 206 551 si
226 498 295 550 dura
312 497 380 549 silex
398 499 446 548 aut
465 499 521 548 0101
539 496 676 564 Marpesia
693 500 794 550 cautes.

79 575 199 630 Tandem
218 573 350 640 corripuit
368 588 435 639 sese,
453 575 536 640 atque
554 572 663 625 inimica
680 573 782 640 refugit

80 653 114 705 ln
131 668 227 704 nemus
244 648 430 715 umbriferum,
448 648 565 699 coniunx
583 647 630 700 ubi
648 649 780 716 pristinus
797 648 838 702 illi

80 727 238 795 Respondet
255 724 327 778 curis
345 727 499 791 aequatque
519 723 653 791 Sychaeus
671 741 798 778 amorem.

82 805 138 856 Nec
155 802 244 855 urinas
263 801 379 866 Aeneas,
399 816 462 852 casu
480 816 623 852 concussus
641 800 740 869 iniquo,
890 814 926 854 400

82 878 260 946 Prosequitur
277 877 419 930 lacrimans
438 876 524 942 lenge,
543 878 572 928 et
589 877 735 929 miseratur
752 880 869 930 euntem.

117 954 187 1007 Inde
205 953 299 1006 datum
319 952 430 1004 molitur·
448 952 507 1004 iter.
547 952 659 1019 lamque
678 969 742 1005 arva
759 953 892 1006 tenebant

82 1030 191 1094 Ultima,
210 1046 279 1097 quae
298 1027 368 1081 bello
386 1027 451 1080 clari
471 1030 577 1079 secreta
594 1028 775 1095 frequentant.

82 1106 136 1159 Hie
153 1104 191 1158 illi
210 1103 326 1158 occurrit
345 1103 459 1172 Tydeus,
477 1103 522 1155 hie
539 1102 655 1156 inclutus
673 1104 755 1157 armis

84 1181 303 1248 Parthenopaeus
321 1183 350 1233 et
368 1179 483 1232 Adrasti
501 1179 627 1246 pallentis
646 1179 749 1246 imago;
891 1192 928 1234 sao

84 1258 137 1310 Hic
155 1257 270 1310 multum
288 1255 347 1308 fieti
366 1255 402 1308 ad
420 1272 531 1323 superos
551 1255 676 1323 belloque
694 1255 787 1308 caduci

82 1332 263 1399 Dardanidae,
282 1348 350 1400 quos
367 1332 411 1383 ille
430 1332 515 1383 omnis
533 1332 612 1398 longo
631 1330 727 1384 ordine
745 1348 858 1385 cernens

75 1411 228 1477 103000οι1,
247 1409 432 1474 Glaucumque
451 1407 637 1475 Medontaque
656 1407 920 1475 Thersilochumque,

83 1482 143 1539 Tris
161 1484 352 1550 Antenoridas,
372 1483 519 1550 Cererique
538 1500 644 1536 sacrum
664 1483 854 1551 Polyphoetcn,
945 1489 950 1496 '

83 1561 260 1629 Idaeumque,
279 1561 360 1614 etianr
379 1577 480 1625 000000,
500 1561 581 1613 etiam
600 1577 676 1612 arma
694 1563 841 1613 tenentem.
890 1573 928 1613 400

84 1638 267 1692 Circumstant
285 1637 390 1688 animae
409 1637 506 1689 (100100
524 1636 655 1704 laevaque
673 1637 837 1703 frequentes.

83 1714 109 1767 N
111 1729 142 1766 ee
160 1712 259 1766 vidisse
278 1712 360 1764 semel
379 1712 444 1764 satis
463 1714 519 1776 est;
537 1712 715 1780 iuratusque
733 1711 841 1778 morari,

86 1789 121 1842 Et
138 1789 260 1841 conferre
277 1788 401 1855 gradum,
420 1791 449 1840 01
466 1788 592 1841 veniendi
612 1787 717 1842 discere
735 1803 851 1840 caussas.

85 1865 124 1917 At
142 1863 265 1916 Danaum
283 1879 409 1931 proceres
428 1864 714 1931 Agamemnoniaeque
733 1863 880 1930 phalanges

86 1941 124 1994 Ut
112 1939 234 1993 tvidere
251 1939 340 1994 virum
356 1939 542 2008 fulgentiaque
560 1956 636 1991 arura
653 1956 703 2006 per
720 1939 838 2005 umbrae,
891 1951 928 1991 400

88 2015 195 2082 lugenti
212 2014 370 2084 trepidare
370 2019 427 2068 met
428 2032 460 2067 u
454 2032 542 2082 ,pars
560 2018 668 2067 vertere
686 2017 771 2080 terga,

85 2093 142 2144 Ocu
160 2091 295 2159 qnondam
313 2091 418 2160 petiere
437 2095 524 2154 00100;
542 2107 606 2158 pars
624 2089 720 2142 tollere
738 2106 830 2142 vocem

85 2167 232 2234 Exiguam:
249 2167 373 2235 inceptus
391 2168 492 2219 clamor
509 2132 659 2218 frustratur
675 2165 781 2217 hiantis.

121 2246 217 2312 Atque
234 2243 277 2297 bic
297 2245 451 2297 Priamiden
470 2244 600 2295 laniatum
618 2258 730 2308 corpore
748 2243 807 2293 toto

85 2318 258 2392 Deiphobum
275 2319 351 2373 videt
368 2323 397 2373 01
414 2320 533 2372 lacerum
551 2317 699 2371 crudeliter
718 2333 772 2383 ora,
894 2330 930 2371 105

84 2397 142 2450 000
159 2413 307 2464 manusque
326 2395 427 2462 ambas,
446 2394 629 2464 populataque
647 2396 771 2461 tempora
788 2392 874 2460 raptis

88 2471 214 2537 Auribus,
233 2475 261 2526 et
278 2474 388 2525 truncas
406 2471 547 2524 inhonesto
565 2470 674 2523 volnere
692 2469 771 2521 naris.

85 2548 142 2601 Vix
159 2546 227 2600 adeo
245 2546 375 2615 adgnovit
392 2547 559 2615 pavitantem
578 2549 607 2599 et
625 2546 685 2598 dira
702 2548 841 2611 tegentem

85 2622 230 2691 Supplicia,
249 2627 277 2676 et
295 2623 367 2676 notis
385 2623 529 2691 compellat
547 2621 658 2676 vocibus
675 2621 760 2674 ultro:

85 2698 229 2766 Deiphobe
240 2698 414 2767 armipotens,
426 2714 512 2766 genus
524 2698 580 2751 alto
592 2714 609 2750 a
620 2696 751 2764 sangnine
764 2691 868 2757 Teucri,
894 2703 932 2743 see

86 2774 154 2838 Quis
171 2777 228 2827 tam
245 2774 363 2828 crudelis
381 2774 486 2842 optavit
504 2789 611 2827 sumere
629 2772 746 2840 poenasl

86 2849 138 2904 Oui
156 2854 264 2904 tantum
282 2850 318 2903 de
335 2853 364 2903 te
381 2849 474 2903 licuitl
510 2848 578 2901 Mihi
595 2849 668 2901 fama
686 2859 812 2913 suprema

85 2926 175 2980 Nocte
192 2927 255 2981 10111
273 2927 375 2980 fessum
393 2928 517 2979 00010110
535 2924 619 2978 caede
639 2921 784 2987 Pelasgum

86 3001 267 3057 Procubuisse
284 3018 367 3069 super
385 3001 510 3054 confusae
529 2999 629 3066 stragis
647 3011 779 3050 acervum.

85 3077 162 3131 'Pnnc
179 3081 318 3147 egomett
306 3076 440 3131 tumulum
459 3075 608 3129 Rhoeteo
600 3091 629 3126 1n
646 3071 752 3124 litore'
744 3061 852 3122 manem
896 3060 934 3122 eee'¹

86 3152 230 3292 (101001111οι1,
250 3156 280 3208 01
297 3167 396 3218 magna
414 3150 503 3204 Manis
520 3152 566 3203 ter
583 3164 648 3202 voce
666 3145 765 3200 000001.

166 3231 180 3275 6
