2032 3524
317 310 347 359 Ρ.
373 310 528 361 VERGILI
544 311 710 361 MARONIS

284 475 327 549 A
353 475 387 547 Ε
411 474 451 548 Ν
475 475 510 547 Ε
536 475 558 547 1
584 475 623 548 D
650 476 685 551 O
711 476 740 551 S

366 650 482 704 mum
513 648 665 705 ramus.

466 798 566 824 -on—

94 916 183 968 Anus
200 913 342 980 virumque
359 930 434 978 eain),
453 916 548 968 Troiae
565 918 612 984 qni
629 917 732 984 primus
748 918 785 971 ab
800 919 857 973 orb

93 991 209 1055 Italiam,
226 989 284 1041 fato
303 990 439 1057 quofngns,
459 990 613 1059 Lavinaque
630 993 703 1046 venit

93 1067 193 1129 Litora,
213 1065 327 1118 multum
345 1064 392 1117 ille
408 1069 438 1119 et
455 1067 536 1119 terris
552 1068 668 1120 iactatus
685 1072 716 1123 et
732 1070 787 1123 ulte

92 1143 127 1196 Ti
146 1160 281 1211 superum,
299 1160 395 1195 saevae
411 1159 559 1196 memorem
578 1145 688 1196 lunonis
705 1145 740 1198 ob
756 1146 831 1213 iram,

93 1220 181 1272 Malu
199 1237 306 1289 quoqne
325 1226 353 1272 et
371 1220 442 1272 belle
459 1236 561 1287 passus,
579 1221 644 1274 dmn
660 1222 791 1276 conderet
805 1223 941 1291 urbatus

94 1296 266 1365 lnferretqno
284 1297 350 1349 deos
369 1297 456 1362 Latio,
473 1313 558 1363 genus
576 1297 648 1350 mule
666 1297 793 1351 Latinum

92 1373 246 1442 Albanique
264 1378 357 1441 patres
374 1376 458 1441 atque
475 1373 548 1426 altae
565 1374 671 1427 moenia
688 1374 797 1427 Romae„

126 1449 212 1515 Musa,
230 1450 294 1502 mihi
313 1466 420 1503 caussas
437 1466 564 1516 memora,
582 1466 636 1517 quo
654 1450 762 1503 numine
778 1448 862 1517 laesa

91 1527 196 1590 Quidve
214 1527 316 1595 dolens,
333 1526 429 1594 regina
446 1527 526 1579 deunr
545 1529 588 1579 tot
606 1526 714 1579 volvere
731 1542 809 1579 euru

92 1603 229 1670 Insignem
248 1604 351 1672 pietate
368 1604 463 1672 virum,
474 1604 515 1656 tot
532 1602 608 1655 adire
626 1601 733 1655 labores
915 1616 942 1657 ιο

92 1680 232 1747 inpulerit.
268 1680 406 1733 Tantaene
424 1679 518 1731 animis
537 1678 699 1732 caelestibus
715 1679 790 1732 irnei

124 1831 197 1884 t'rbs
216 1834 328 1900 antiqua
345 1833 404 1899 snit,
423 1832 495 1899 'anii
512 1835 626 1885 tenuere
644 1831 737 1898 coloni,

91 1909 240 1975 Karthago,
260 1909 369 1961 Italiam
387 1913 481 1962 eontra
499 1908 678 1976 Tiberinaque
696 1907 776 1976 longe

89 1986 173 2051 Ostia,
193 1986 268 2037 dives
286 2001 367 2052 opum
386 1985 538 2053 studiisque
555 1985 704 2053 asperrima
721 1983 798 2048 belli3

89 2062 175 2126 Quam
195 2063 264 2115 Iuno
281 2062 369 2115 fertiu
386 2063 467 2116 terris
484 2061 571 2129 magis
589 2061 712 2114 omnibus
729 2076 811 2123 uuam
916 2076 943 2117 15

89 2138 248 2191 Posthabito
265 2138 379 2191 coluisse
398 2140 493 2203 Sanun
511 2138 554 2190 hie
571 2137 642 2190 illins
660 2154 742 2205 arma,

88 2215 141 2267 Ilie
158 2232 253 2267 currus
271 2215 337 2279 fnit;
354 2215 406 2267 hoe
423 2231 539 2281 regnum
557 2214 609 2267 dea
627 2214 754 2282 gentibus
771 2228 839 2279 esse,

87 2291 114 2343 Si
133 2309 186 2360 qua
204 2292 262 2344 fata
280 2292 376 2358 sinant,
394 2293 448 2344 iam
468 2295 527 2344 tuin
546 2290 692 2358 tenditque
710 2292 845 2358 fovetque.

87 2366 248 2434 Progeniem
266 2368 314 2419 sed
333 2369 403 2421 enim
422 2368 537 2420 Troiano
555 2385 572 2420 a
590 2369 719 2434 sanguine
737 2365 800 2420 duci

86 2443 229 2511 Audierat,
248 2444 339 2511 Tyrias
358 2444 422 2497 olim
440 2463 509 2513 qnae
528 2449 652 2498 verteret
670 2460 760 2509 arees;
915 2454 943 2495 n

88 2520 158 2573 Hine
176 2520 303 2587 populum
322 2520 377 2573 late
395 2538 489 2588 regem
507 2521 634 2589 belloque
652 2520 799 2590 superbum

90 2596 238 2648 Venturum
258 2595 378 2648 exscidia
397 2597 512 2666 Libyae:
531 2598 570 2650 sie
588 2598 698 2650 volvere
717 2596 823 2649 Pareaa

87 2672 120 2724 ld
138 2678 263 2726 metuens
281 2674 436 2742 veterisque
454 2690 560 2727 memor
579 2675 709 2728 Saturnia
726 2671 797 2739 belli,

85 2747 176 2802 Prima
194 2749 267 2818 quod
286 2749 321 2802 ad
340 2748 447 2803 Troiam
466 2767 515 2819 pro
533 2751 603 2803 caris
621 2753 746 2818 gesserat
765 2745 887 2815 Argis-

86 2823 209 2879 Necdum
227 2826 308 2879 etiarn
327 2843 437 2879 caussae
455 2828 557 2880 irarum
576 2828 705 2896 saevique
723 2825 832 2879 dolores
913 2836 941 2881 1

85 2900 251 2955 Exciderant
269 2903 371 2956 animo:
389 2906 481 2955 manet
499 2904 555 2956 alta
572 2907 665 2956 mente
684 2905 824 2971 repostum

86 2974 218 3029 Indicium
238 2978 342 3031 Pau‘dis
362 2983 524 3046 spretaeque
542 2979 641 3030 iniuria
658 2979 767 3048 ferinae,

85 3050 120 3104 Et
137 3067 224 3117 genus
240 3053 362 3119 invisum,
380 3058 409 3107 et
426 3054 498 3120 rapti
517 3055 682 3118 Ganymedis
700 3054 831 3116 honorem
