2034 3944
351 107 533 155 AENEIDOS
553 109 622 158 LlB.
644 109 665 157 I.
905 111 935 159 95

84 187 212 242 Partibus
231 187 368 255 aequabat
385 187 472 255 iustis,
490 190 538 242 aut
557 191 632 241 sorte
649 187 791 244 trahebat:

84 263 151 317 Cum
171 264 261 318 subito
280 265 389 317 Aeneas
407 281 538 318 concursu
556 265 687 318 accedere
705 282 804 333 magno

84 343 195 396 Anthea
208 344 422 409 Sergestumque
435 341 511 394 videt
523 341 679 409 fortemque
693 341 864 410 Cloanthum,
899 358 935 399 515

83 419 303 486 Teucrorumque
321 420 396 485 alios,
413 422 474 471 ater
492 435 561 486 quos
580 436 698 487 aequore
716 421 797 474 turbo

83 495 242 564 Dispulerat
261 496 424 563 penitusque
442 495 508 548 alias
526 500 656 548 avexerat
674 513 742 550 eras.

83 572 224 641 Obstipuit
242 571 322 624 simul
340 572 399 639 ipse
417 572 496 624 simul
516 572 655 640 perculsus
675 573 796 627 Achates

81 648 255 716 Laetitiaque
274 651 419 715 metuque余
440 647 513 701 avidi
531 648 693 716 coniungere
712 650 825 704 dextras

82 725 242 789 Ardebaut3
264 724 314 778 sed
331 741 376 777 ros
395 724 499 778 animos
517 724 656 792 incognita
673 724 775 779 turbat.
899 743 935 782 511

81 801 268 867 1110111010111,
288 805 317 854 01
334 800 407 854 nube
425 816 491 853 cava
509 801 683 868 speculantur
701 803 801 870 amicti,

82 879 156 943 Quae
173 880 283 932 fortuna
300 880 373 947 viris,
393 880 506 932 classem
525 896 579 946 quo
598 879 677 933 litore
695 879 828 948 linquant,

81 954 154 1018 Quid
171 955 295 1020 veniant3
315 956 419 1008 eunetis
437 973 500 1008 nam
517 956 582 1008 lecti
601 954 714 1008 navibus
732 956 816 1022 ibant,

81 1031 198 1086 Orontes
215 1033 329 1099 veniam,
349 1036 377 1085 et
396 1033 528 1100 templum
546 1033 663 1086 elamore
681 1033 821 1100 petebant.

115 1108 263 1176 Postquam
276 1109 437 1175 introgressi
450 1113 479 1161 et
492 1125 583 1161 eoram
596 1108 662 1162 data
673 1109 751 1176 eopia
762 1107 845 1176 fandi,
897 1122 933 1162 oso

79 1183 225 1237 Maxumus
245 1185 365 1237 ilioneus
383 1185 489 1253 placido
508 1185 546 1238 sic
564 1188 674 1252 pectore
693 1185 795 1253 eoepit:

81 1259 103 1310 0
124 1260 236 1328 Regina,
254 1278 350 1313 novam
369 1262 413 1313 eui
431 1262 548 1314 condere
568 1261 693 1328 Iuppiter
710 1260 807 1314 urbem

80 1334 246 1403 Iustitiaque
266 1336 344 1390 dedit
362 1338 453 1404 gentis
471 1337 579 1391 frenare
597 1337 735 1405 superbas,

79 1412 163 1465 Troes
181 1417 210 1466 te
228 1414 328 1480 miseri,
348 1414 436 1467 ventis
455 1414 541 1467 meria
559 1413 649 1466 omnia
667 1414 744 1482 recti,

80 1487 204 1556 Oramus,
222 1489 336 1556 prohibe
355 1489 481 1543 infandos
499 1507 515 1542 a
533 1489 647 1562 navibus
664 1489 742 1558 ignis,
895 1505 932 1546 515

79 1563 164 1617 Pareo
182 1566 227 1632 pio
245 1566 347 1632 generi,
366 1570 395 1619 et
412 1566 524 1634 propius
542 1583 586 1620 res
604 1566 694 1634 aspice
711 1568 826 1620 nostras.

78 1640 104 1692 N
106 1657 140 1693 on
159 1658 207 1693 nos
226 1646 274 1693 aut
292 1642 366 1693 ferro
386 1641 500 1710 Libycos
518 1642 649 1710 populare
670 1642 780 1695 Penatis

79 1716 218 1784 Venimus,
236 1720 284 1769 aut
303 1721 395 1784 raptas
413 1718 449 1770 ad
467 1718 548 1772 litora
565 1722 673 1771 vertere
691 1717 823 1785 praedas3

77 1792 103 1844 N
105 1809 138 1844 on
158 1809 191 1845 ea
208 1793 249 1846 ris
268 1793 364 1856 animo,
382 1811 432 1854 nec
449 1798 527 1847 tanta
545 1793 673 1861 superbia
691 1793 775 1846 vietis.

78 1868 128 1921 Est
147 1869 228 1934 loeus,
249 1869 413 1936 Hesperiam
433 1870 509 1923 Graii
527 1869 685 1936 cognomine
704 1866 811 1934 dieunt,
895 1883 931 1923 100

77 1944 161 1998 Terra
179 1946 300 2012 antiqua,
318 1949 415 2011 potens
433 1946 516 1997 armis
533 1949 617 2013 atque
635 1943 721 1997 ubere
738 1944 866 2011 glaebae3

78 2020 192 2073 Oenotri
211 2020 319 2073 coluere
337 2021 402 2085 viri余
421 2038 493 2074 nune
510 2021 590 2085 fama,
609 2021 726 2089 minores

79 2095 187 2148 Italiam
206 2094 308 2149 dixisse
327 2097 404 2149 ducis
423 2096 459 2149 de
477 2096 585 2149 nomine
603 2099 721 2162 gentem.

78 2171 132 2225 Hic
150 2188 245 2224 cursus
262 2172 327 2226 fuit:

78 2246 145 2299 Cum
165 2247 255 2300 subito
273 2247 424 2314 adsurgens
443 2248 528 2300 ductu
545 2246 683 2300 nimbosus
703 2245 787 2298 Orion
893 2263 930 2303 ms

78 2323 111 2376 ln
130 2324 199 2376 vada
217 2340 296 2376 coeca
314 2325 386 2390 tulit,
404 2324 570 2393 penitusque
588 2321 748 2390 procacibus
765 2324 865 2377 austris

78 2398 185 2466 Perque
203 2400 299 2468 undas,
318 2402 465 2467 superante
484 2398 548 2463 salo,
566 2414 669 2466 perque
685 2397 760 2457 ,invia
778 2414 845 2452 saxa

79 2471 213 2541 Dispulit余
234 2475 287 2528 hue
305 2476 383 2543 pauci
401 2475 500 2527 restris
518 2474 678 2528 adnavimus
695 2474 756 2527 oris.

78 2550 157 2614 Quod
175 2567 261 2618 genus
280 2551 503 2633 hocdhomiuumi
526 2567 631 2618 quaeve
648 2550 719 2604 hunc
737 2553 794 2603 tam
812 2550 931 2604 barbara

146 2643 249 2680 merem

78 2701 219 2756 Permittit
237 2703 343 2770 patriai
365 2702 483 2770 hospitio
500 2702 677 2769 prohibemur
695 2720 808 2769 arenae余
895 2716 932 2757 040

78 2777 156 2830 Bella
174 2780 253 2844 cient,
273 2779 416 2846 primaque
435 2781 531 2831 vetant
549 2778 698 2832 consistere
717 2783 798 2832 terra.

78 2853 106 2905 Si
125 2870 211 2919 genus
229 2854 376 2906 humanum
395 2858 424 2906 ot
442 2853 568 2907 mortalia
585 2855 707 2908 temnitis
725 2871 807 2919 amia,

79 2928 119 2980 At
138 2933 246 2995 sperate
265 2929 338 2995 deos,
356 2945 491 2983 memores
507 2929 584 2982 fandi
603 2933 688 2998 atque
706 2930 825 2982 nefandi.

79 3003 140 3055 Rex
158 3008 217 3056 erat
237 3006 346 3057 heneas
363 3003 448 3068 nobis,
467 3022 521 3073 quo
540 3005 636 3059 iustior
655 3005 732 3071 aiter,

79 3077 105 3129 N
107 3094 138 3128 ec
156 3079 259 3145 pietate
276 3080 330 3133 fuit
347 3096 397 3134 nec
414 3080 486 3134 bello
504 3082 591 3134 maior
609 3083 637 3133 et
655 3080 744 3132 armis.
894 3095 932 3138 515

80 3152 167 3215 Quem
185 3154 208 3208 si
225 3155 283 3210 fata
300 3155 389 3210 virum
407 3160 524 3224 servant,
543 3157 566 3210 si
584 3155 703 3210 vescitur
721 3172 787 3214 aura
