2032 3524
361 107 544 156 anunmos
560 106 628 156 nm.
647 107 714 156 ΧΠ.
773 81 774 86 ’
918 113 965 160 319

122 186 181 242 Non
200 205 249 256 ogo
268 203 317 240 nec
335 187 446 240 Teucris
465 186 550 240 Italos
567 203 665 254 parere
681 187 790 256 iubebo,

121 265 177 318 Nec
195 264 261 316 mihi
280 281 363 331 regna
380 267 459 331 pcto;
477 263 589 330 paribus
606 281 635 318 se
652 264 758 332 legibus
776 265 873 325 ambae
931 280 967 321 ιω

121 341 241 394 Invictae
258 345 355 407 gentes
372 342 484 393 aeterna
500 339 529 391 in
546 339 657 394 foedera
674 341 794 394 mittant

120 417 201 471 Sacra
218 416 339 484 deosque
357 415 443 480 dabo;
462 432 539 469 socer
556 433 631 470 arma
649 417 763 469 Latinus
780 417 888 485 habeto,

121 494 259 561 lnperium
278 492 406 546 sollemne
424 509 513 557 socer3
531 493 597 546 mihi
616 495 722 547 moenia
739 494 836 548 'leucri
881 525 883 528 >

121 569 302 634 Constituent,
320 569 438 636 urbique
456 568 535 622 dabit
554 569 666 622 Lavinia
683 587 788 624 nomen.

120 646 164 698 Sic
181 646 256 712 prior
275 646 400 709 Aeneas;
418 645 541 712 sequitur
559 645 597 698 sie
614 645 713 698 deinde
732 646 853 713 Latinus,
933 663 967 702 rea

120 721 275 788 suspiciens
293 720 404 785 caelum,
423 719 569 788 tenditque
588 721 624 773 ad
642 721 733 774 sidera
751 722 890 776 dextram:

121 797 196 850 Hace
215 797 319 863 eadem,
338 799 440 862 Aenea,
459 796 578 862 Terram,
597 797 683 864 Mare,
703 796 805 863 Sidera,
824 797 890 863 iuro,

112 873 295 940 ,Latonaeque
312 887 398 938 genus
417 871 526 939 duplex,
548 872 698 940 Ianumque
717 871 872 940 bifrontem,

120 949 239 1017 Vimque
257 948 338 1002 deum
355 947 488 1000 infernam
507 950 536 1000 et
554 947 615 999 duri
633 947 752 1000 sacraria
769 948 856 1013 Ditis3

122 1023 227 1078 Audiat
244 1023 311 1077 haec
330 1023 451 1089 Genitor,
471 1022 518 1090 qui
535 1022 646 1075 foedera
663 1023 775 1076 fulmine
793 1023 885 1077 sancit
931 1037 967 1076 auo

120 1100 212 1166 'larrgo
229 1115 297 1164 aras,
316 1098 420 1151 medios
437 1099 508 1164 ignis
526 1102 555 1151 et
573 1098 684 1151 numina
701 1101 801 1153 testor:

121 1174 202 1228 Nulla
220 1175 279 1228 dies
297 1191 392 1242 pacem
411 1174 479 1226 hanc
498 1174 577 1226 Italis
594 1190 644 1227 noc
661 1174 772 1228 foedera
790 1178 907 1243 rumpet,

120 1251 180 1315 Quo
197 1267 242 1304 res
259 1267 375 1318 cumque
393 1249 508 1314 cadent;
525 1266 575 1302 nco
592 1265 636 1302 me
653 1250 694 1302 vis
713 1250 767 1303 ulla
784 1250 920 1305 volentem

124 1327 246 1393 Avertet,
264 1342 324 1392 nou,
343 1325 365 1377 si
384 1325 510 1378 tellurem
529 1325 652 1378 effundat
669 1326 696 1378 in
714 1326 810 1392 undae,

123 1401 229 1455 Diluvio
246 1402 369 1467 miscens,
388 1402 547 1468 caelumque
564 1401 592 1453 in
612 1401 726 1454 Tartara
744 1402 845 1467 solvat3
930 1417 967 1457 auo

122 1477 160 1531 Ut
172 1481 309 1546 sceptrum
321 1476 507 1530 hoc-dextra
519 1479 656 1544 sceptrum
664 1493 727 1529 nam
734 1477 806 1531 forte
817 1477 967 1545 gerebat-

121 1553 276 1621 Numquam
295 1552 392 1606 fronde
410 1552 463 1605 levi
480 1551 578 1605 fundet
596 1551 716 1618 virgulta
733 1569 783 1606 nec
800 1554 919 1622 umbras,

121 1629 190 1682 Cum
208 1629 291 1682 semel
309 1629 337 1681 in
355 1629 430 1681 silvis
448 1628 502 1680 imo
521 1628 556 1681 de
575 1628 660 1696 stirpe
678 1628 795 1682 recisum

122 1704 211 1757 Matre
229 1708 311 1771 caret,
329 1704 475 1772 posuitque
493 1720 583 1757 comas
601 1708 630 1757 et
648 1704 773 1758 bracchia
790 1704 878 1769 ferro;

122 1779 193 1832 Olim
210 1780 309 1844 arbos;
327 1796 399 1832 nune
416 1779 528 1832 artificis
545 1795 639 1831 manus
658 1796 721 1832 acre
739 1780 853 1835 decoro¹
931 1795 968 1834 alo

122 1855 242 1920 Inclusit,
261 1855 440 1924 patribusque
458 1855 536 1908 dedit
554 1859 663 1922 gestare
682 1855 794 1909 Latinis.

46 1951 51 1958 ·
122 1931 231 1984 Talibus
249 1932 322 1985 intcr
339 1949 369 1985 se
387 1930 532 1984 firmabant
550 1931 662 1984 foedera
680 1930 761 1984 dictis

122 2008 275 2075 Conspectu
292 2008 319 2060 in
337 2007 428 2060 medio
446 2023 595 2074 procerum.
633 2006 700 2058 Tum
718 2007 771 2060 rite
789 2011 909 2061 sacratas

122 2083 155 2136 In
173 2082 309 2136 flammam
327 2083 450 2150 iugulant
467 2082 593 2150 pecudea,
612 2084 642 2135 et
658 2081 762 2135 viscera
780 2083 847 2135 rivis

122 2158 256 2226 Eripiunt,
274 2159 466 2225 cumulantque
484 2158 602 2211 oneratis
621 2157 742 2210 lancibus
760 2173 828 2210 aras.
932 2171 968 2214 215

156 2238 197 2290 At
214 2252 278 2288 vero
298 2235 407 2289 Rutulis
425 2236 503 2302 inpar
521 2251 553 2288 ea
570 2251 662 2302 pugna
679 2233 767 2287 videri

122 2311 295 2378 Iamdudum,
313 2314 343 2364 et
360 2312 434 2363 vario
451 2310 557 2363 misceri
575 2313 685 2377 pectora
703 2313 796 2373 motu;

122 2387 191 2441 'lum
208 2387 302 2455 magis,
320 2389 352 2440 ut
370 2387 480 2454 propius
498 2389 612 2439 cernunt
630 2402 683 2438 non
702 2385 804 2438 viribus
821 2387 923 2453 aequis.

123 2463 245 2517 Adiuvat
261 2464 369 2516 incessu
386 2463 470 2515 tacito
488 2477 646 2528 progressus
664 2464 693 2513 et
711 2477 785 2513 aram

122 2538 286 2607 Suppliciter
299 2550 436 2591 'venerans
455 2538 572 2590 demisso
590 2537 691 2589 lumine
710 2536 822 2602 Turnus,
933 2551 970 2590 aro

123 2614 313 2682 'iubentesque
331 2630 417 2680 genae
436 2618 465 2666 et
484 2612 599 2664 iuvenali
617 2613 644 2664 in
662 2628 775 2680 corpore
793 2611 887 2679 pallor.

123 2689 211 2754 Quom
229 2689 308 2742 simul
327 2705 358 2741 ao
377 2690 492 2742 Iuturna
510 2704 585 2740 soror
605 2687 763 2740 crubescere
781 2686 850 2740 vidit

123 2765 288 2832 Sermonem,
307 2768 335 2818 et
353 2765 424 2832 volgi
443 2765 547 2817 variare
565 2762 683 2816 labantia
702 2762 791 2828 corda,

124 2842 157 2895 Iu
175 2841 280 2895 medias
297 2841 376 2907 acics,
393 2841 506 2892 formam
525 2839 687 2891 adsimulata
706 2838 867 2904 Camerti,-

124 2918 174 2971 Oui
192 2934 279 2986 genus
297 2934 314 2969 a
331 2917 438 2984 proavis
456 2917 559 2983 ingena,
577 2915 734 2982 clarumque
752 2917 882 2981 paternae
934 2927 970 2967 aas

123 2995 230 3048 Nomen
248 2997 308 3047 erat
327 2993 444 3058 virtutis,
463 2992 567 3059 etipse
585 2991 733 3043 acerrimus
750 2990 868 3043 armis—-

124 3068 158 3122 In
175 3069 278 3123 modias
297 3068 344 3122 dat
362 3084 421 3120 sese
439 3068 517 3133 acies,
535 3065 608 3118 haud
626 3065 717 3118 nescia
733 3081 833 3130 rerum,

124 3143 312 3214 Rumoresque
331 3143 398 3198 ecrit
416 3143 512 3210 varios,
530 3157 562 3194 ac
580 3141 646 3194 talia
663 3142 752 3195 fatur:
