2032 3524
100 116 147 163 '39⁴2
329 112 357 160 P.
378 112 527 159 vulsum
553 111 720 159 MARONIS

101 198 155 248 Seu
173 194 263 247 mollis
281 194 375 251 violae.
393 210 442 247 seu
459 192 615 261 languentis
631 191 778 261 hyacinthi,

101 272 150 322 vni
165 287 253 338 neque
265 270 356 336 fulgor
367 270 463 335 adiuro,
475 286 526 323 neo
537 270 603 322 dum
614 285 665 321 sua
676 269 762 321 sonim
774 268 905 332 recessit3
925 282 948 321 ra

103 347 161 397 Nou
182 347 234 397 iun
253 358 342 398 nrater
359 345 408 399 alit
426 345 515 412 tellus,
533 345 653 412 virisque
670 344 817 396 ministmt.

101 422 168 472 'lirin
187 421 309 487 geminas
326 426 416 473 vestes
433 436 553 489 auroque
571 428 700 487 ostroque
717 419 832 486 rigentis

104 496 208 548 tistulit
227 500 342 551 :teneas
362 512 430 563 quas
448 496 486 548 illi
506 497 578 549 laeta
596 495 717 548 laterum

105 572 167 638 ipsa
185 571 242 623 siris
259 571 395 638 querutum
415 571 538 623 manibus
556 571 674 624 Sidonia
687 570 759 624 Dido

104 648 224 711 Fecerat,
242 654 271 699 et
289 647 364 699 tenui
384 647 453 700 telas
471 647 638 701 discreverat
656 662 730 700 auro.
925 660 950 701 π

105 724 207 773 darum
226 739 307 774 uuam
326 722 415 774 iuveni
434 739 593 790 srrprernum
611 725 732 775 maestus
748 721 880 776 honorem

105 798 204 859 timuit,
223 814 386 864 ursinusque
404 814 495 850 eonius
512 798 627 851 obnubit
644 798 762 861 amictu3

102 873 244 940 Multaque
262 878 406 940 linieterea
424 872 570 925 Laurentis
588 874 709 939 pnremia
726 889 834 941 pugnae

103 952 232 1013 hegensi,
250 958 279 1001 et
297 949 376 1016 longo
392 948 522 1016 pmedarn
541 948 618 1001 iubet
635 948 731 1001 ordine
749 948 820 1001 duci.

103 1024 191 1077 Addit
209 1042 293 1094 aqum
310 1028 339 1077 et
357 1024 419 1089 teta,
438 1024 536 1091 quihus
555 1024 718 1091 qnliaverat
734 1023 849 1076 hostem.
923 1039 949 1078 su

104 1101 234 1153 Vinxerat
252 1106 281 1153 et
299 1104 360 1167 post
378 1104 457 1166 terga
475 1116 577 1163 marrus,
597 1116 665 1166 quos
682 1099 808 1153 mitteret
825 1099 932 1153 umbris

104 1176 223 1237 Inferias,
242 1193 321 1229 caeso
339 1192 483 1242 sparsurus
501 1176 631 1241 sarrguino
648 1174 784 1228 flammam
790 1195 798 1239 ;

104 1252 274 1319 lmlntosqne
293 1249 368 1303 iubet
385 1254 497 1302 tumeas
514 1250 658 1303 hostilibus
675 1251 758 1303 armis

103 1328 180 1396 ipsos
198 1328 270 1379 terre
289 1327 377 1383 ‹hreoa
396 1326 556 1392 inimicaque
575 1326 683 1379 nomina
701 1326 754 1394 tigi.

104 1404 218 1455 inicitur
237 1402 328 1454 infelix
349 1418 415 1453 aevo
433 1402 571 1453 confectus
590 1405 716 1468 Acoetes,
923 1419 949 1458 os

105 1480 216 1531 l’ectma
233 1495 305 1530 nune
323 1478 434 1529 foedans
451 1477 555 1545 pugnis,
574 1493 644 1530 nuno
663 1477 799 1543 unguibus
816 1494 879 1543 ora;

103 1555 250 1619 Sternitur,
269 1557 298 1605 et
316 1557 374 1605 teto
393 1554 529 1620 proiectus
547 1569 659 1621 corpore
677 1557 775 1608 terrae

105 1631 211 1682 innunt
229 1634 258 1681 et
277 1628 380 1680 Rutulo
398 1629 521 1695 perfusos
540 1629 669 1695 sanguiue
686 1646 789 1683 currus

103 1705 168 1757 Post
187 1705 301 1757 bellator
319 1720 411 1770 equus,
430 1704 526 1770 positis
544 1704 702 1771 insignibus,
722 1705 839 1774 Aethon,

103 1782 130 1833 It
148 1781 298 1846 hurimans,
316 1780 457 1847 guttisque
476 1780 616 1833 humectat
633 1781 783 1847 grandibus
800 1798 855 1837 ora
922 1796 948 1837 aa

105 1858 218 1908 lindam
236 1856 280 1907 alii
299 1855 458 1923 galeamque
478 1856 662 1919 s'orunt;11am
682 1860 774 1909 oetora
791 1856 899 1911 Tunius

104 1931 195 1983 Victor
224 1931 313 1985 habet.
351 1929 419 1982 Tum
448 1934 552 1983 maesta
579 1930 696 1998 phalanx
726 1930 878 1999 Teucrique
905 1948 947 1986 se-

170 2012 291 2075 ‹qirrintur

101 2084 287 2151 'tyrrhenique
305 2101 399 2137 omnes
417 2088 451 2137 et.
465 2084 549 2136 versis
568 2083 690 2137 Arcades
708 2084 797 2137 anilia

103 2160 248 2225 Postquam
267 2160 354 2211 einais
372 2160 451 2226 longe
470 2159 597 2211 comitum
616 2163 786 2225 processerat
802 2160 879 2228 ordo,

101 2234 231 2287 Substitit
254 2236 366 2300 Aeneas,
384 2235 543 2301 gemituque
561 2232 627 2285 haee
645 2233 754 2287 addidit
771 2234 842 2290 alto:
922 2250 948 2289 κ

104 2310 157 2361 Nos
176 2310 243 2363 alias
261 2310 323 2363 hine
341 2310 377 2362 ad
395 2309 519 2362 lacrimas
538 2308 633 2362 eadem
651 2307 763 2363 horrida
779 2309 844 2363 belli

104 2386 170 2437 itata
188 2390 298 2438 vocant:
318 2385 391 2437 salvo
409 2389 550 2437 aetornum
569 2383 641 2447 mihi,
659 2401 785 2438 maxume
803 2385 888 2453 Palla,

104 2464 308 2527 Aeternumque
326 2461 395 2514 vale.
430 2461 454 2511 N
458 2478 488 2513 ee
505 2460 583 2527 plura
601 2459 698 2513 effatus
716 2460 752 2514 ad
769 2460 840 2515 altos

101 2536 243 2589 'l'ornlebat
261 2553 359 2601 muros,
378 2552 556 2604 gressumque
574 2534 601 2586 in
619 2537 709 2588 eastra
725 2535 840 2591 ferebat.

137 2612 251 2679 lunulae
269 2614 391 2664 oratores
408 2611 523 2664 aderant
542 2626 576 2662 ex
595 2610 663 2663 urbe
682 2610 786 2678 Latina,
911 2626 948 2667 roa

104 2686 193 2739 Veluti
212 2687 294 2739 ramis
311 2686 394 2751 oleae,
413 2687 573 2754 reniumque
591 2689 732 2752 rogantes:

101 2764 228 2829 (turpem,
247 2779 296 2829 per
313 2778 422 2831 eunapos
439 2763 511 2815 ferro
530 2777 600 2828 quae
616 2760 678 2814 fusa
694 2762 826 2831 iaeebaut,

104 2836 251 2902 ltedderet,
269 2852 300 2888 ao
317 2838 423 2890 tumulo
441 2837 543 2889 sineret
562 2835 708 2891 succedere
726 2842 833 2904 terrae3

103 2912 124 2961 N
129 2912 213 2964 ullum
232 2928 292 2965 oum
310 2913 390 2965 victis
408 2917 547 2967 certamen
564 2914 593 2962 et
611 2912 722 2967 aethere
739 2914 837 2980 eassis;

104 2987 231 3041 Parceret
247 2987 400 3055 hospitibus
419 2987 553 3055 (piendam
572 2987 727 3057 socerisque
745 2990 855 3045 voeatis
913 3004 948 3045 ιω

102 3068 174 3125 Quos
192 3063 278 3115 borma
298 3065 414 3130 Aeneas,
432 3063 504 3116 haud
523 3062 694 3127 aspernanda
710 3066 856 3132 preeuntis,

104 3138 280 3203 Prosequitur
297 3139 383 3204 vernia,
401 3142 430 3192 et
448 3138 538 3191 verbis
555 3133 623 3186 haec
640 3138 751 3206 insuper
768 3140 860 3195 addit:
