2032 3524
328 132 515 180 AENEIDOS
530 132 601 180 LIB.
618 132 685 180 xli.
891 140 937 191 327

84 213 262 280 'transadigit
280 217 370 266 costas
389 216 418 266 ct
436 214 519 266 cratis
537 212 657 280 pectoris
675 227 785 274 ensem„

83 291 192 346 'l'urnus
211 307 281 358 equo
299 289 436 342 deiectum
456 292 589 355 Amycum
607 289 778 357 fratremque
797 288 917 356 Diorem,

84 367 255 435 Oougressus
272 365 365 435 pedes,
384 365 455 419 hunc
473 366 627 419 venientem
646 366 758 434 cuspide
776 367 863 435 longa
902 383 939 422 eie

84 441 167 498 Hunc
185 459 314 495 mucrene
332 443 396 494 ferit
414 457 550 508 curruque
569 441 674 495 abscisa
693 442 808 496 duorum

84 519 233 586 Suspendit
251 519 348 586 capita,
368 522 397 571 et
415 519 535 570 rorantia
554 508 683 585 s'anguinc
702 523 800 586 portat

85 596 136 650 Ille
155 595 239 648 Talon
257 595 424 663 Tanaimque
441 594 501 646 neci
519 594 673 663 fortemque
694 596 853 666 Cethegum,

84 673 144 725 'iris
161 688 215 724 uno
233 687 385 738 congressu,
404 673 433 723 et
450 673 584 724 maestum
603 672 691 725 mittit
711 671 821 742 Oniten,

84 748 201 802 Nomine
218 747 377 802 lichionimn
396 746 547 814 matrisque
564 764 649 814 genus
669 748 812 814 Peridiae;
904 765 941 804 ιιι

85 823 138 879 Hic
155 825 255 878 fratres
274 823 354 890 Lycia
372 823 468 875 missos
485 827 514 876 et
534 823 668 890 Apollinis
686 824 766 891 agris,

84 898 121 956 Et
138 899 261 953 iuvenem
279 915 391 952 exosum
409 899 574 966 nequiquam
592 898 664 951 bella
684 899 838 966 Menoeten,

85 975 201 1042 Arcada,
219 974 342 1043 piscosae
361 975 404 1028 eui
423 975 525 1027 circum
544 973 657 1026 flumina
676 975 783 1029 Lernae

85 1055 139 1105 Ars
155 1052 247 1104 fuerat
264 1067 422 1119 pauperque
439 1050 544 1117 domus,
562 1066 613 1103 nec
630 1053 695 1103 nota
714 1054 856 1119 potentum

84 1125 207 1194 Munera,
225 1127 413 1193 conductaque
431 1129 510 1194 pater
528 1126 627 1199 tellure
646 1126 761 1180 serebat.
903 1144 940 1181 eac

84 1204 127 1257 Ac
144 1203 219 1256 velut
235 1202 339 1254 inmissi
358 1202 474 1255 diversis
491 1200 614 1269 partibus
632 1202 708 1268 ignes

87 1280 218 1332 Arentem
235 1278 263 1330 in
282 1278 376 1330 silvanr
394 1281 422 1330 et
439 1278 559 1344 virgulta
576 1278 698 1330 sonantia
715 1278 804 1332 lauro:

85 1358 144 1408 hut
161 1354 209 1407 ubi
228 1354 344 1408 decursu
363 1353 459 1421 rapido
478 1354 513 1406 dc
532 1353 670 1406 montibus
690 1354 753 1406 altis

83 1428 159 1484 Dant
176 1431 295 1484 sonitum
314 1430 433 1498 spumosi
453 1446 553 1496 onmes,
573 1434 603 1484 et
620 1430 648 1482 in
667 1447 786 1499 aequora
803 1435 917 1506 currunt

85 1507 206 1574 Quisque
224 1523 302 1559 suurn
320 1506 466 1574 populatus
484 1506 551 1559 iter:
569 1521 623 1557 non
642 1507 752 1573 segnius
771 1506 851 1559 ambo
903 1523 938 1561 ese

85 1586 193 1636 Aeneas
211 1582 372 1650 Turnusque
391 1585 475 1634 ruunt
493 1598 543 1649 per
560 1581 679 1649 proelia3
697 1598 776 1648 nnnc,
794 1599 865 1636 nunc

86 1657 213 1712 Fluctuat
231 1658 272 1712 ira
290 1658 378 1712 intus:
398 1661 563 1724 rumpuntur
580 1657 671 1710 nescia
689 1658 759 1711 vinci

85 1734 214 1799 Pectora3
231 1750 303 1788 nunc
321 1734 388 1787 totis
406 1734 434 1785 in
452 1732 562 1785 volnera
580 1733 683 1786 viribus
701 1734 763 1787 itur.

86 1809 244 1863 Murranum
262 1811 313 1877 hic,
333 1813 426 1862 atavos
446 1813 474 1861 ct
492 1826 603 1860 avorum
622 1811 734 1877 antiqua
753 1815 893 1864 sonantem

85 1885 111 1938 N
112 1885 209 1953 omina,
221 1902 271 1954 per
282 1901 417 1952 regesque
429 1887 520 1936 actum
532 1901 618 1952 genus
630 1902 710 1938 omne
724 1886 842 1953 Latinos,
902 1902 939 1940 eso

86 1961 267 2030 Praecipitem
285 1961 394 2029 scopulo
412 1964 496 2027 atque
514 1961 632 2027 ingentis
652 1961 763 2015 turbine
781 1962 839 2015 saxi

86 2036 205 2101 Excutit,
223 2037 394 2103 effimditque
412 2036 484 2099 solo;
502 2035 574 2088 hune
593 2036 651 2088 lora
670 2041 698 2089 ct
716 2037 779 2105 iuga
796 2039 893 2091 subter

86 2111 248 2166 Provolvcre
265 2116 357 2176 rote-03
375 2110 471 2164 crebro
490 2128 572 2178 super
590 2111 690 2178 ungula
709 2112 788 2179 pulsu

87 2188 175 2241 Incite
192 2204 243 2241 nec
261 2187 363 2241 domini
382 2203 533 2240 memorum
552 2187 690 2254 proculcat
707 2205 844 2255 equorum

88 2264 137 2317 Ille
155 2263 246 2317 ruenti
266 2263 348 2331 Hyllo
366 2262 519 2329 animisque
537 2263 645 2315 inmane
663 2262 790 2316 frementi
902 2280 938 2318 aas

86 2339 219 2406 Occurrit,
237 2339 378 2406 telumque
395 2342 491 2391 aurata
509 2339 544 2390 ad
562 2341 686 2405 tempore
704 2343 827 2407 torquet:

87 2414 140 2467 Olli
157 2431 207 2483 per
224 2415 328 2482 galeam
347 2415 401 2466 fixo
420 2414 499 2466 stetit
517 2413 596 2466 hasta
616 2414 733 2467 cerebro.

88 2491 208 2544 Dextera
225 2507 275 2544 nec
293 2495 341 2543 tua
359 2493 395 2556 te,
416 2490 527 2542 Graium
548 2489 703 2559 fortissime,
723 2493 849 2558 Cretheu,

88 2567 194 2635 Ilripuit
212 2567 317 2632 Turno;
335 2583 384 2637 nec
403 2565 432 2618 <li
451 2569 546 2619 texere
567 2566 730 2633 Cupencum,

87 2645 184 2696 Aenea
202 2643 334 2708 veniente,
354 2642 410 2707 sui;
429 2641 507 2694 dedit
526 2641 605 2694 obvia
623 2641 694 2693 ferro
904 2658 939 2695 esi

88 2718 209 2786 Pectora,
227 2734 278 2771 nec
296 2719 395 2772 misero
415 2717 494 2785 clipei
514 2733 590 2769 mora
609 2717 713 2785 profuit
731 2717 811 2772 aerei.

87 2794 125 2850 Te
143 2811 251 2863 quoque
269 2793 420 2848 laurentes
438 2793 574 2860 viderunt,
593 2794 687 2859 Acolc,
706 2796 794 2862 campi

88 2869 226 2938 Oppetcre
244 2873 273 2923 et
291 2870 346 2923 late
364 2873 466 2923 terram
485 2873 658 2922 consternere
678 2873 768 2934 tergo;

28 2974 38 2987 ·
88 2945 203 3014 Occidis,
224 2945 343 3012 Argivae
362 2963 443 3014 quem
461 2963 514 2999 non
532 2950 647 3013 potuere
667 2943 813 3012 phalanges

88 3021 223 3089 Sternere,
241 3038 291 3076 nec
310 3022 410 3075 Priami
428 3038 573 3089 regnorum
592 3037 701 3073 eversor
721 3019 856 3084 Achilles;
903 3035 938 3074 ese

89 3095 143 3149 Hic
160 3097 212 3151 tibi
229 3098 326 3152 mortis
344 3101 422 3152 erant
440 3101 537 3164 metae,
557 3098 652 3150 domus
671 3097 726 3150 alta
745 3097 795 3150 sub
815 3097 874 3161 Ida,

89 3171 202 3239 Lyrnesi
219 3173 316 3226 domus
334 3173 398 3239 alta,
416 3172 472 3225 solo
491 3173 629 3227 Laurente
647 3173 826 3242 sepulchrum.
